2700 4726
213 127 282 197 ano
428 82 752 193 'canuno
784 116 1040 191 caturco

302 313 360 383 14.
394 306 656 395 ¹Vercingetorix
689 316 744 379 tot
773 309 941 377 continuis
971 303 1192 375 incommodis
1217 304 1304 377 val·

181 419 183 423 ’
213 398 411 483 lauuooluni,
431 399 574 481 Genabi,
591 395 786 466 Novioduni
799 397 946 484 acceptis
965 417 1046 462 suos
1060 393 1105 461 col
1122 394 1302 463 concilium
1335 402 1339 411 '

173 491 390 557 2convooat.
433 487 546 556 Docet
573 489 674 571 longe
697 488 765 553 alia
787 487 917 551 rationo
939 505 1014 550 assa
1036 483 1163 549 bellum
1185 505 1304 568 geren·

216 575 295 643 dum
327 584 428 662 atqua
454 584 552 642 antea
582 582 713 658 gestum
744 574 808 639 sit:
845 571 999 638 omnibus
1021 569 1131 636 modis
1152 570 1230 636 buic
1253 572 1304 637 rei

217 662 440 745 studendum,
473 671 514 728 ut
540 663 757 748 pabulatione
785 667 821 725 ot
847 665 1035 726 commeatu
1056 658 1203 724 Romani
1225 680 1304 744 prn-

174 751 407 819 Sbiboautur.
449 748 491 817 ld
514 771 588 817 csso
610 749 732 829 facilc,
753 745 843 834 quool
866 748 1020 836 equitatu
1043 747 1111 832 ipsi
1134 746 1305 812 abundent

172 837 195 902 4
217 845 253 905 et
273 838 364 926 quod
386 839 465 902 auni
486 847 639 924 tompore
653 835 884 903 subleventur.
929 832 1096 900 Pabulum
1113 834 1226 901 secari
1239 856 1305 901 nou

214 926 335 1014 possa:
357 919 1221 1014 necessariodispersosbostesexaedifioiispatore:
1243 922 1304 988 bns

281 1131 349 1199 (iap-
369 1129 412 1184 14.
430 1130 457 1191 S.
475 1134 492 1183 2
510 1137 617 1193 gestum
635 1129 685 1189 sit]
704 1129 799 1194 „MSS
818 1135 846 1179 et
863 1130 931 1180 Edi.
949 1126 1041 1193 pler.“
1055 1129 1114 1181 Pet.
1128 1130 1202 1181 (iota.
1219 1130 1303 1179 Voss.

245 1205 282 1254 A.
300 1206 378 1263 Eam.
401 1203 486 1255 Bona.
504 1203 538 1250 A.
562 1200 629 1249 Par.
647 1197 681 1249 A.
705 1200 754 1249 Dr.
773 1199 829 1250 AB.
853 1201 935 1250 Vrat.
955 1199 1035 1250 Aac.
1060 1201 1140 1257 Goth.
1160 1201 1189 1250 li.
1207 1193 1302 1250 llbmb.

247 1273 302 1323 Gu.
320 1271 404 1321 vinc.
421 1269 490 1319 ulli.
507 1269 568 1318 edd.
584 1276 647 1319 aute
664 1266 726 1317 Alai.
743 1268 784 1318 st.
803 1266 853 1317 Gr.
871 1268 898 1317 b·
916 1267 1002 1320 Frell.
1020 1271 1162 1334 (pectunt.-
1177 1269 1218 1319 sit
1233 1271 1304 1319 ven.

158 1335 165 1341 '
247 1343 290 1401 b.)
316 1340 356 1392 sit
379 1342 493 1405 pastam
517 1338 589 1391 llav.
608 1339 642 1388 A.
671 1335 753 1387 Vini·
771 1339 806 1386 A.
823 1337 885 1386 Alc.
904 1339 948 1389 ab.
967 1338 1017 1387 (ir.
1037 1351 1071 1401 a„
1083 1338 1116 1391 P.
1133 1340 1207 1389 Man.
1225 1338 1303 1389 Ture.

248 1411 324 1471 Lips.
343 1421 402 1471 sqq.
436 1409 468 1457 ld
487 1405 539 1457 uisi
556 1407 679 1457 codicum
699 1417 786 1456 causa
802 1417 857 1454 nou
873 1409 934 1457 erat
952 1409 1118 1461 mutandum.

283 1483 324 1541 et]
355 1480 407 1529 out
431 1509 449 1545 ‚.
461 1477 536 1533 MSS.
565 1475 672 1537 plurimi
682 1471 700 1504 ‘⁴
726 1475 786 1535 Pet.
806 1474 879 1525 Gott.
900 1477 983 1528 voss.
1000 1473 1033 1528 A.
1052 1478 1128 1541 ltgm.
1145 1476 1217 1529 [lov.
1234 1475 1304 1528 Lan.

248 1548 308 1598 cod.
333 1549 416 1598 ¹lurr.
439 1547 524 1607 Bong.
547 1545 602 1594 AC.
625 1544 686 1594 Pal.
713 1544 779 1599 Par.
805 1546 840 1592 A.
869 1543 918 1594 Dr.
944 1546 1000 1595 AB.
1018 1546 1098 1597 Vrat.
1117 1542 1195 1598 Alto.
1221 1546 1302 1598 uoti.

247 1617 279 1665 B.
297 1615 394 1666 Hamb.
409 1613 462 1666 Gu.
479 1614 563 1666 Vini.
574 1613 654 1664 cur.
672 1614 732 1661 odil.
750 1619 813 1662 aute
833 1613 891 1662 uer.
907 1614 977 1665 Van.
998 1615 1019 1664 f.
1038 1617 1071 1666 ut
1088 1617 1149 1663 Ber.
1166 1616 1241 1665 Petr.
1260 1617 1303 1667 etl.

248 1697 291 1748 pr.
308 1685 380 1735 ilict.
399 1684 442 1751 lo,
460 1686 505 1734 21.
525 1685 598 1742 (cod.
616 1683 650 1733 at
668 1681 772 1748 pabulo
789 1681 887 1733 bootes
905 1685 941 1735 et
959 1683 1161 1735 commeatibus
1178 1694 1303 1737 arecon·

247 1756 326 1815 tur.)
342 1755 405 1817 out,
423 1754 494 1817 qttod
512 1751 580 1803 aur.
598 1750 660 1801 Gir.
679 1754 706 1815 1,
725 1747 763 1801 ta
783 1751 905 1802 coltferri
922 1752 1019 1802 iubens
1040 1753 1079 1813 (S.
1097 1754 1131 1804 7:
1149 1755 1198 1818 qai
1209 1748 1304 1806 'erant

246 1822 403 1889 pabulandi
415 1823 469 1872 aut
480 1819 684 1888 frumentandi
696 1831 785 1870 eausa
796 1819 923 1886 opacari)
935 1823 1079 1872 tolerabile
1091 1822 1302 1886 existimaverit,

245 1894 368 1945 tortasse
388 1893 458 1954 quod
480 1891 706 1951 interpretaretur
724 1890 759 1939 ut
779 1890 905 1941 Romani
920 1892 1074 1954 petulanti
1090 1893 1144 1942 aut
1159 1905 1314 1945 commeta

245 1964 296 2015 tuo
314 1959 475 2023 recipiendi
490 1971 579 2010 couno
596 1959 706 2025 spretui
717 1957 956 2022 prohiberentur,
973 1962 1040 2011 terri
1057 1974 1139 2023 posue
1156 1974 1210 2032 pen
1224 1963 1303 2013 vide-

247 2040 302 2082 tur.
336 2028 556 2093 Vercingetorigi
581 2028 651 2078 enim
670 2027 799 2077 euincere
816 2039 869 2077 non
890 2022 996 2090 poterat
1012 2031 1147 2080 alterutro
1166 2033 1304 2082 Romaanus

246 2100 408 2164 prohibere:
428 2101 541 2159 utroque
558 2096 700 2160 pronibere
715 2107 765 2146 eos
782 2097 907 2163 debebat,
926 2097 950 2146 si
968 2096 1081 2150 vincere
1098 2101 1216 2165 volebat.
1252 2101 1303 2152 Cui

246 2169 332 2232 igitur
350 2167 449 2218 Aldina
467 2166 549 2231 lectio
573 2165 737 2217 auctoritate
755 2176 852 2216 carere
871 2167 998 2231 videtur,
1026 2169 1053 2218 ei
1072 2154 1242 2220 scribenlbru
1262 2178 1305 2220 est

247 2250 299 2302 uc,
328 2238 399 2300 quod
423 2247 507 2296 saepe
531 2233 559 2283 iu
576 2236 629 2284 out
646 2236 802 2294 corruptum
819 2247 882 2297 esre
900 2240 1018 2287 constat.
1052 2237 1095 2288 Gi.
1113 2239 1201 2291 flent.
1224 2241 1303 2291 Tura.

248 2311 275 2372 1,
294 2303 354 2355 512.
389 2305 430 2353 De
447 2316 483 2354 oo
501 2311 564 2353 nate
582 2315 598 2352 e
616 2316 644 2352 v.
662 2303 723 2352 adn.
741 2303 776 2353 ad
795 2308 821 2369 1,
839 2301 875 2353 44
891 2301 959 2371 §.A

281 2373 490 2437 prohibeantur]
509 2372 735 2434 prohiberentur
753 2371 804 2425 Ox.
824 2374 853 2421 S.
871 2375 943 2425 liar.
962 2376 995 2425 A.
1014 2371 1095 2425 vtro.
1114 2377 1148 2428 A.

281 2442 310 2505 S.
327 2448 345 2494 3
370 2443 440 2506 quod
457 2441 594 2506 equitatu]
622 2442 657 2492 at
674 2452 697 2492 e·
717 2442 829 2506 ‚,1long.
849 2444 882 2494 A.
901 2445 972 2495 Lov.
990 2445 1066 2506 Egra.
1085 2447 1101 2493 6
1122 2438 1198 2495 alii“
1219 2446 1303 2498 Voss.

246 2514 280 2562 A.
300 2513 367 2568 Lbb.
387 2512 471 2574 Boug.
490 2509 521 2561 c.
541 2511 601 2561 Pal.
622 2511 685 2562 Par.
702 2511 735 2560 A.
753 2511 801 2560 Dr.
814 2513 870 2564 AB.
884 2514 965 2563 Vrat.
979 2513 1055 2562 ABG.
1071 2515 1150 2565 Goth.
1162 2513 1193 2566 ll.
1206 2515 1303 2565 liamb.

247 2580 392 2633 Vinalbli.
406 2580 463 2631 ino.
477 2583 504 2628 et
513 2579 587 2632 Gott.
600 2579 629 2628 iu
642 2591 695 2642 quo
708 2579 856 2632 senuaar.
867 2583 900 2632 ad
912 2585 946 2633 ut
960 2583 1124 2645 adscriptum
1132 2586 1220 2633 estat.
1230 2598 1304 2650 oum,

246 2652 380 2703 eecwh.
391 2661 456 2700 cam
468 2647 692 2717 superscriptum.
706 2652 794 2713 atque
812 2651 968 2704 aviculi.
984 2654 1060 2704 Rom.
1081 2666 1107 2703 a.
1115 2655 1186 2702 Med.
1200 2655 1304 2705 aven.

246 2721 326 2770 bodo.
350 2721 380 2770 et
404 2720 481 2786 quoti
504 2731 527 2769 e.
550 2718 634 2770 Vind.
657 2720 687 2767 Β.
710 2721 771 2771 Ber.
791 2723 1011 2783 quemadmodum
1028 2722 1217 2783 Oudendorpio
1232 2724 1315 2783 sori-x

245 2786 338 2852 psisre
358 2788 462 2838 caesar
482 2788 640 2849 ridebatnr3
659 2801 711 2850 quo
730 2786 817 2856 posito
836 2793 916 2852 paulo
931 2791 1041 2843 facilius
1054 2792 1194 2852 explicari
1214 2796 1304 2855 potest

245 2858 298 2923 ai,
329 2856 429 2919 quippe
447 2857 492 2909 cni
510 2859 540 2909 et
557 2857 675 2907 similius
694 2857 740 2919 sit,
758 2870 837 2921 quarn
856 2861 947 2927 quod,
965 2860 1043 2909 cuius
1063 2862 1159 2909 deiude
1178 2871 1305 2921 praeter·

245 2925 341 2977 missio
360 2926 506 2978 condonari
525 2926 637 2976 librario
656 2928 763 2977 delient.
798 2929 852 2976 sed
869 2930 925 2993 ipsi
941 2931 969 2978 iu
986 2927 1087 2991 prioris
1102 2943 1204 2979 causae
1218 2946 1304 2997 expo-

245 2996 345 3047 sitione
362 3007 423 3046 eum
441 2997 529 3046 locum
547 2999 631 3058 tenet,
648 3005 678 3046 ut
696 2998 729 3046 ati
749 3001 923 3057 posteriorem
943 2998 1076 3059 pertinere
1091 3011 1144 3049 nun
1158 3001 1306 3064 viduatam

244 3079 280 3116 ex
297 3076 350 3129 quo
367 3064 518 3117 verisimile
535 3065 565 3116 nt
584 3065 760 3127 aequalitatis
774 3065 880 3128 siguum
901 3066 984 3128 priori
1000 3068 1104 3117 uallum
1122 3082 1185 3117 esse
1200 3082 1217 3120 a
1231 3056 1304 3122 s'cri·

246 3143 324 3199 ptore
352 3135 540 3199 praemissum.
573 3136 667 3198 Neque
685 3147 753 3185 vero
772 3138 806 3183 ut
825 3136 934 3197 probari
955 3143 1053 3200 potest,
1071 3139 1141 3199 quod
1158 3139 1305 3191 Duibnerus

245 3217 297 3268 pro
314 3205 416 3267 utpote
435 3205 485 3270 qui
500 3202 615 3266 positam
635 3205 756 3266 putabar,
775 3207 845 3266 quood
862 3205 949 3266 ipsum
968 3205 1023 3254 uisi
1041 3215 1103 3267 post
1122 3209 1175 3257 sibi
1191 3209 1222 3258 iu
1242 3223 1305 3262 aare

246 3274 334 3339 tacite
352 3275 440 3327 locum
457 3285 510 3323 non
529 3274 655 3323 labereta
672 3275 760 3322 solunt
777 3275 811 3322 ut
827 3285 860 3321 ne
882 3278 940 3335 post
959 3277 1009 3326 hcc
1027 3275 1134 3338 quidem
1151 3279 1216 3346 poni
1238 3294 1303 3340 pos-

246 3346 307 3408 set,
338 3341 402 3405 quin
419 3342 474 3393 dici
492 3341 633 3393 videretur
649 3342 739 3426 facile,
751 3340 812 3391 lieri
830 3354 930 3409 poste,
949 3349 979 3395 ut
1000 3345 1056 3409 ipsi
1072 3346 1196 3411 equitatu
1214 3351 1303 3402 abuu-

246 3415 353 3462 clarent.

280 3479 306 3539 S.
325 3476 344 3527 t
361 3476 466 3538 secari]
484 3490 586 3533 secare
602 3480 632 3532 S.
650 3479 728 3532 Laid.
751 3483 782 3532 A.
802 3483 875 3532 liar.
896 3485 933 3534 A.
952 3483 1035 3537 vinc.
1053 3487 1088 3534 A.

280 3550 343 3606 hos]
370 3561 401 3598 os
427 3549 513 3599 Voss.
533 3547 566 3603 A.
584 3550 666 3602 Febr.
683 3550 747 3601 Par.
767 3551 799 3602 A.
822 3550 865 3603 Cf.
884 3554 947 3604 adn.
966 3566 1004 3604 cr.
1022 3555 1057 3603 ati
1075 3567 1100 3605 o.
1118 3547 1138 3601 i
1155 3551 1185 3612 S.
1203 3554 1231 3603 3.
1249 3564 1303 3606 οιιι.

246 3615 296 3668 Cu.
312 3612 391 3689 Laid.
410 3616 442 3668 A.
461 3618 533 3670 ilar.
550 3623 585 3671 A.
603 3618 686 3672 Vini.
705 3622 739 3673 A.
757 3633 854 3686 magno
870 3622 1075 3687 perspicuitatis
1096 3622 1268 3676 retrimenta.
1301 3690 1305 3699 Ι

210 3803 295 3870 quod,
311 3803 405 3854 eadem
438 3803 561 3867 proxime
590 3804 736 3868 praecedit.
780 3808 884 3873 spatio,
898 3805 992 3858 haberi
1002 3817 1112 3872 possem
1125 3806 1224 3871 partim
1235 3821 1304 3861 ocu-

209 3873 284 3945 Apri
298 3885 404 3938 nomen,
417 3876 487 3934 quoa
501 3874 527 3926 ei
538 3877 658 3943 abesset,
670 3878 735 3945 fer·
778 3877 917 3929 cinnitatis
932 3889 1020 3928 causo
1035 3881 1134 3941 partim
1151 3878 1210 3938 iteo
1223 3881 1306 3931 adoli-

210 3942 345 4002 titioritna
377 3943 495 4008 rapinae
530 3959 579 4009 pro
614 3947 736 3998 ablativo
777 3951 835 3999 tum
853 3947 978 4014 videtum,
999 3957 1029 3999 ut
1047 3946 1231 4011 semitonium
1251 3964 1304 4001 ve-

210 4012 351 4094 qualitatis
370 4014 430 4065 tere
448 4015 478 4064 ut
496 4010 522 4079 5,
544 4015 578 4066 13
596 4014 624 4076 S.
637 4018 655 4067 2
667 4016 736 4081 pori
779 4031 829 4071 rua
845 4030 909 4068 esse
927 4019 1114 4080 sirpcrlativus
1127 4017 1306 4090 intelligatur.
