2700 4726
210 290 280 362 4³8
490 289 563 358 DE
590 288 771 358 BELLO
800 287 1047 359 uetulco
1148 228 1152 233 ι

172 484 193 549 4
212 484 397 560 tormentum
433 477 583 545 Fabium·
600 477 752 546 discessu
772 501 889 546 eorum
911 477 1041 545 duobus
1063 474 1195 542 relictis
1216 497 1296 566 por-

213 569 260 634 tis
289 567 465 633 obstruere
497 578 627 633 ceteras
658 568 859 654 pluteosque
884 569 972 634 vello
1001 563 1124 631 addere
1146 573 1182 629 et
1202 587 1240 631 se
1260 567 1299 630 in

174 653 391 775 {posterum
423 654 511 721 diem
541 656 686 761 similem
717 655 758 720 ed
788 677 900 721 cusum
930 674 1061 744 perure.
1113 651 1164 720 lie
1194 652 1299 721 relius

250 875 276 927 si
295 876 335 926 ite
353 875 499 938 scripserit
515 875 629 941 caesar,
645 875 831 941 neeligentius
849 873 1015 939 scripsisse,
1033 887 1094 924 eum
1115 885 1196 925 omne
1212 888 1302 939 genus

252 945 382 1010 telorum,
401 946 457 995 nisi
474 948 618 996 multitudo
636 949 760 1012 accedat,
778 948 812 996 ad
829 949 933 997 mullos
946 946 1135 994 vulnerandos
1150 944 1221 995 nillil
1234 959 1303 1008 pro-

250 1014 297 1077 sit,
315 1013 430 1075 ideoque
449 1017 632 1065 multitudinis
650 1017 790 1066 notionem
803 1030 838 1066 ex
854 1012 942 1078 priori
954 1015 1074 1064 membro
1087 1014 1178 1075 repeti
1190 1016 1303 1071 debere.

249 1083 340 1146 Atque
358 1084 425 1134 milri
443 1088 511 1135 liueo
526 1085 696 1148 negligentia
712 1087 821 1135 minime
838 1084 1025 1147 improbabilis
1042 1082 1162 1133 videtur.
1237 1126 1242 1137 Ι

283 1153 433 1214 tormenta]
460 1158 586 1205 lculenta
605 1154 694 1214 mpsii
712 1157 753 1204 ed.
775 1156 851 1215 prior
868 1167 886 1204 e
907 1153 993 1215 1589,
1011 1151 1234 1212 quemadmodum
1252 1165 1302 1202 se-

249 1223 365 1272 cundum
383 1222 443 1274 civ.
462 1227 489 1282 3,
507 1223 542 1273 44
559 1225 730 1274 scribendum
747 1225 906 1275 coniecerat
923 1223 1120 1273 llotomuouus.

282 1290 310 1351 S.
327 1287 346 1340 4
365 1292 394 1340 in
412 1294 567 1355 posterum]
587 1295 618 1343 im
636 1305 688 1344 om.
708 1293 790 1342 vind.
812 1295 834 1342 l.
852 1294 1040 1356 irreposlerum
1058 1292 1136 1339 Rom.
1156 1300 1182 1338 u.

282 1361 400 1410 similem
427 1358 475 1426 ad]
507 1361 575 1410 Anu.
602 1363 653 1413 ox.
673 1361 721 1411 Cu.
742 1364 769 1411 S·
787 1362 865 1412 Leid.
886 1362 919 1409 Α.
937 1362 1009 1411 fluv.
1028 1362 1060 1408 A.
1081 1358 1164 1409 Viud.
1182 1362 1216 1409 A.
1234 1356 1299 1412 Alo.

249 1428 278 1476 et
294 1443 354 1492 sqq.
373 1430 493 1480 similem
511 1431 559 1483 Dr.
579 1432 608 1481 ll.
625 1430 801 1494 sterilemque
819 1429 920 1493 reliqui
936 1443 997 1480 cum
1017 1429 1076 1478 edd.
1099 1430 1165 1478 ente
1183 1425 1246 1476 mc.

282 1501 397 1560 perure]
421 1498 519 1563 iidem,
541 1499 588 1563 qui
606 1501 725 1551 similem
741 1500 787 1550 uri.
804 1503 960 1564 especiem
977 1499 1025 1548 Dr.
1045 1498 1074 1547 ll.
1085 1498 1177 1552 ,Vind.
1195 1497 1228 1546 It.
1246 1508 1303 1558 up-

247 1577 357 1627 nurere
380 1569 465 1618 Vret.
483 1569 513 1616 Β.
541 1581 559 1618 e
575 1581 610 1619 m.
630 1582 671 1631 pr.
690 1573 826 1630 appetere
846 1570 926 1620 Gerr.
945 1571 973 1616 et
991 1553 1041 1617 eil?
1051 1561 1130 1620 lilo‘r.
1150 1579 1209 1614 sec.
1227 1565 1303 1614 liru-

247 1636 314 1690 tum.
332 1649 480 1700 apparare
497 1638 598 1699 reliqui
616 1650 676 1688 cum
695 1639 754 1687 edd.
775 1643 841 1688 ante
858 1639 920 1687 Ald.
939 1637 994 1688 uisi
1014 1636 1085 1699 quod
1103 1637 1133 1687 in
1148 1637 1232 1686 Febr.
1251 1637 1305 1685 looo

247 1705 354 1755 tautum
374 1720 408 1755 ex
422 1706 481 1755 Pet.
501 1708 530 1755 et
546 1709 633 1773 Gott,
652 1707 827 1771 similemque
844 1721 911 1758 vero
929 1721 964 1756 ex
986 1707 1069 1756 Voss.
1086 1708 1118 1754 Α.
1136 1706 1207 1755 Lov.
1221 1706 1302 1768 Egm.

247 1776 277 1822 et
294 1775 369 1824 Gott.
389 1778 417 1825 et
434 1775 463 1824 iu
483 1775 567 1826 Coun.
586 1777 760 1840 similemque
777 1791 813 1825 ex
832 1779 956 1827 curribus
972 1775 1061 1824 trihus
1078 1772 1151 1840 (l’et.
1167 1775 1254 1837 lloug.
1268 1773 1302 1824 C.

247 1844 332 1901 Pul),
350 1855 498 1908 apparare
517 1858 584 1896 uero
601 1860 636 1895 ex
655 1847 731 1895 nullo
744 1847 859 1896 allatum
873 1851 924 1895 est.
959 1845 1110 1895 Praeterea
1123 1844 1303 1906 siruilcmque

247 1925 284 1962 ex
303 1913 387 1963 Viuo.
405 1912 529 1980 BCDM,
550 1927 698 1978 apparare
715 1928 751 1964 ex
766 1917 849 1965 vind.
868 1915 937 1965 cul.
959 1917 1082 1965 uetulum
1101 1912 1207 1975 accepi.
1242 1913 1302 1962 De-

247 1982 332 2044 nique
348 1981 378 2031 in
395 1985 455 2033 cod.
472 1984 552 2037 Turr.
570 1986 748 2048 similemque
764 1996 863 2034 cusum
880 1995 1027 2048 apparere
1044 1983 1164 2047 legitur,
1192 1994 1228 2032 ex
1245 1995 1302 2045 quo

247 2051 402 2101 uerisimile
425 2051 457 2101 nt
479 2055 632 2119 oppetere,
664 2054 734 2115 quod
762 2066 850 2117 neque
870 2053 899 2103 in
917 2053 989 2102 Veu.
1006 2053 1026 2102 i.
1046 2054 1140 2102 exstet
1160 2065 1250 2114 neque
1270 2052 1303 2103 in

234 2121 292 2170 erl.
316 2121 479 2172 Florentiae
502 2125 537 2172 alt
561 2136 610 2190 eo,
640 2123 688 2187 qui
713 2121 779 2172 milri
808 2135 868 2173 eam
893 2122 1026 2183 contulit,
1057 2121 1159 2172 lectum
1178 2123 1304 2186 videtur,

228 2176 393 2252 iperpetem
420 2203 438 2241 e
468 2192 551 2242 Bruto
583 2206 647 2244 esse
676 2193 820 2253 scriptum.
847 2218 882 2228 -
912 2192 1073 2241 [rectionem
1103 2193 1169 2240 ente
1199 2192 1304 2241 Aluum

230 2261 391 2322 'vulgatam
421 2261 452 2311 et
482 2273 514 2312 se
542 2261 575 2311 io
602 2263 754 2327 posterum
784 2261 860 2313 diem
886 2261 1061 2325 similemque
1084 2271 1183 2311 cusum
1207 2274 1303 2323 oppu-

247 2340 337 2393 rare‚
369 2340 450 2391 quem
473 2330 542 2381 oud.
566 2330 608 2381 ite
634 2331 826 2397 corrigendam
851 2332 981 2393 putabet,
1013 2332 1045 2379 ut
1067 2329 1140 2379 inter
1162 2329 1302 2381 similem-

152 2446 155 2451 .
248 2410 303 2460 que
329 2400 357 2446 et
380 2410 477 2448 cusum
497 2399 704 2450 interimeretur
725 2400 780 2464 ud,
808 2400 945 2464 integram
967 2393 1139 2462 repetierunt
1159 2399 1303 2450 erittius

248 2468 278 2515 et
307 2466 495 2531 recentiores,
523 2467 597 2518 inter
629 2481 697 2530 quos
732 2468 858 2531 plerique
888 2470 998 2530 tacent,
1027 2469 1177 2518 Diouerus
1203 2469 1232 2521 iu
1256 2470 1304 2520 di-

247 2533 340 2599 ctisne
358 2548 389 2586 se
410 2547 558 2599 apparare
574 2537 619 2595 in.
651 2537 778 2598 quemvis
796 2537 863 2587 elmi
880 2539 1004 2588 fortusse
1021 2549 1076 2587 nou
1095 2539 1201 2603 exstet,
1232 2540 1306 2590 nillil

247 2602 341 2653 inesse
363 2604 445 2666 elicit,
467 2607 538 2665 quod
556 2618 617 2657 eam
635 2609 792 2667 suspectum
809 2606 925 2656 reddere
944 2606 1042 2668 possit.
1077 2608 1132 2656 Sed
1151 2609 1233 2669 plure
1253 2610 1302 2659 in-

246 2674 315 2791 offi
339 2682 357 2721 e
381 2672 512 2722 caesuris
538 2688 590 2724 usu
614 2675 716 2725 alienu.
750 2675 869 2728 Primum
886 2689 917 2726 se
933 2679 1084 2738 pronomen
1101 2678 1188 2727 verbo
1207 2692 1303 2743 appu-

304 2753 320 2791 e
337 2744 449 2801 praeter
467 2747 599 2795 consuetu
622 2744 692 2793 'uem
709 2756 764 2793 non
776 2745 855 2795 modo
869 2744 1131 2795 Commentariorum
1145 2745 1196 2810 (ei.
1212 2761 1302 2812 supra

246 2823 272 2860 e.
290 2810 325 2861 17
340 2812 366 2873 S.
383 2812 407 2874 1,
426 2811 461 2859 26
481 2814 506 2875 s.
526 2815 554 2876 3,
572 2814 634 2871 ci.
652 2815 679 2878 2,
700 2811 762 2873 78.
778 2811 807 2877 4,
825 2816 903 2863 Alex.
917 2815 944 2874 7,
964 2810 1004 2874 1.)
1020 2813 1071 2863 sed
1090 2816 1209 2866 omnium
1224 2818 1301 2868 sori-

246 2882 356 2942 plorum
384 2879 566 2933 coniunctum.
609 2882 773 2944 Numquoll
798 2883 952 2933 Freundius
978 2883 1006 2932 in
1022 2883 1126 2934 Lexioo
1152 2898 1187 2935 ex
1205 2887 1302 2938 Pleuti

245 2949 326 3001 Asin.
345 2952 371 3014 3,
389 2952 406 2999 3
423 2962 450 3002 v.
470 2951 502 3000 11
521 2953 640 3015 exempli
659 2963 747 3002 ceusu
761 2952 891 3005 dictionis
908 2966 940 3005 se
956 2965 1105 3018 opiparare
1122 2967 1184 3007 eum
1199 2954 1297 3008 iullui-

262 3135 291 3199 s.
306 3139 323 3187 3
338 3137 486 3196 tormento]
497 3134 648 3188 serpentis
662 3134 734 3188 cee—
776 3149 835 3188 seru
854 3135 952 3202 foisse,
970 3150 1019 3189 our
1031 3136 1132 3191 eorum
1144 3141 1179 3192 eu
1194 3143 1303 3207 equites

210 3204 735 3268 suremeupropeuenuoslostesusum
775 3207 894 3259 enutio
912 3209 1013 3259 missos
1035 3210 1139 3275 potius,
1165 3222 1247 3272 quem
1263 3213 1301 3265 ud

211 3286 276 3324 esse
293 3287 378 3337 supra
395 3278 429 3339 2,
446 3274 465 3325 8
482 3275 507 3337 s.
525 3277 542 3324 2
560 3278 587 3324 et
601 3273 635 3338 4,
653 3275 688 3326 25
704 3275 733 3337 S.
775 3278 867 3327 hostes
888 3279 1057 3328 referendum
1075 3287 1195 3341 putaret.

210 3343 227 3392 1
245 3345 430 3409 cognovimus.
466 3344 586 3407 iernen,
609 3346 677 3407 quod
697 3344 734 3396 ml
826 3347 999 3408 pluteosque]
1023 3347 1066 3400 cl.
1085 3348 1148 3399 adu.
1166 3350 1203 3399 acl
1219 3350 1301 3402 huius

198 3415 425 3478 ‚oppugnationes
439 3412 608 3475 potissimum
623 3425 733 3474 eompu-
774 3411 839 3466 libri
857 3427 882 3464 o.
899 3416 934 3466 25
953 3418 980 3478 S.
999 3418 1024 3466 1.
1183 3416 1186 3423 “

208 3484 267 3533 reri
291 3492 319 3532 ee
342 3483 463 3534 adhiberi
481 3484 620 3547 solebant,
651 3484 734 3534 etiem
827 3483 943 3532 similem
958 3487 993 3534 ed
1007 3483 1113 3552 cesum]
1126 3487 1215 3538 Simili
1228 3501 1299 3540 uue-

209 3549 283 3602 inlre
300 3565 325 3602 c.
343 3551 376 3603 81
390 3552 446 3616 §.5
463 3553 601 3611 complura
616 3559 733 3601 tormen·
775 3555 883 3615 strophe
909 3567 977 3603 usus
1001 3556 1046 3605 est
1069 3555 1165 3608 cicero
1191 3560 1232 3609 De
1252 3560 1299 3612 off.

210 3620 248 3668 tls
272 3623 328 3671 cele
351 3623 475 3670 coniecta
500 3632 562 3669 esse
588 3620 614 3667 in
639 3623 732 3671 hostes
775 3623 810 3686 2,
837 3621 1004 3690 6(S.19)e
1031 3627 1077 3677 uel
1100 3628 1243 3679 secundus
1260 3630 1301 3679 ad

209 3695 290 3738 noctu
315 3691 351 3738 ecl
368 3690 529 3739 munitiones
549 3689 732 3740 Romanorum
775 3700 825 3742 res
843 3692 890 3742 uel
914 3693 1063 3746 aduersus.
1099 3697 1173 3746 Alibi
1192 3697 1299 3750 caesor

209 3758 399 3820 aggredientes
415 3758 543 3808 memorie
557 3759 664 3819 dignum
679 3772 731 3820 pu·
752 3764 760 3775 ”
775 3771 834 3809 eam
860 3760 914 3810 nisi
938 3764 966 3813 in
991 3766 1148 3826 pronomine
1179 3768 1300 3819 relativo

207 3827 287 3875 tevit.
323 3827 406 3892 Gi.8‚
427 3824 462 3876 14
480 3829 507 3876 et
524 3826 557 3875 41
574 3835 642 3877 extr.
678 3828 731 3877 llic
774 3841 925 3892 usurpasse
941 3845 995 3883 noo
1013 3834 1129 3887 violetur.
1166 3830 1211 3886 Cf.
1228 3835 1298 3903 ⁵,1

208 3904 279 3944 vero
297 3907 394 3958 magno
414 3895 474 3945 usui
492 3895 617 3958 luerem,
643 3907 730 3960 eoque
773 3896 800 3958 S.
820 3903 837 3950 3
856 3911 941 3964 quom
959 3903 997 3952 acl
1020 3915 1092 3954 rem.
1123 3906 1159 3967 6,
1183 3905 1301 3966 3384

205 3962 296 4022 magis
314 3963 340 4013 il
358 3965 531 4016 memorabile
549 3967 619 4014 erut.
774 3979 860 4032 quum
876 3969 916 4019 aci
930 3970 1013 4022 dieue
1032 3973 1069 4024 ib.
1085 3973 1120 4025 35
1138 3975 1164 4037 s.
1181 3979 1196 4024 1
1216 3975 1306 4038 quem

257 4031 283 4093 s.
300 4028 319 4080 4
334 4032 458 4084 discessu
473 4035 579 4095 eorum]
599 4035 730 4084 neelle—
772 4038 813 4089 acl
830 4037 914 4090 diens.
946 4041 965 4091 7
972 4040 1039 4103 ,55
1058 4042 1085 4101 s.
1104 4045 1139 4095 10
1157 4057 1244 4110 quam
1260 4047 1301 4098 ud

161 4112 168 4131 ¹
205 4098 455 4154 cimeterium
479 4101 514 4166 5,
549 4102 613 4164 38.
632 4105 668 4172 6,
695 4117 731 4155 ex
774 4107 987 4176 spemcim,
1006 4113 1039 4162 32
1058 4111 1085 4174 S.
1108 4112 1140 4162 11
1162 4117 1301 4180 quemad

203 4183 259 4238 que
282 4174 397 4236 apparet
421 4172 522 4223 nollem
539 4170 641 4225 lleliio
664 4185 732 4228 eeu·
776 4175 870 4244 linem
919 4199 923 4205 ·
