2700 4726
437 287 540 380 tro.
564 307 647 382 vri.
689 309 855 433 curo
1126 311 1194 379 ece

97 494 301 562 absentem
322 494 467 562 intinere
491 499 619 587 proelio
643 498 861 566 dimicaturae
884 495 1119 582 intellegebat:
1157 496 1234 564 sin

96 585 177 670 ipse
199 583 244 649 ad
272 585 453 651 exercitum
477 586 717 666 contenderet,
753 610 794 652 ne
816 588 867 652 his
889 583 1023 671 quidem
1044 606 1084 649 eo
1106 594 1224 650 tenr-

95 693 203 759 poro,
238 674 311 761 qui
321 672 429 759 quieti
452 673 666 754 viderentur,
702 697 797 740 suam
820 676 962 740 salutern
984 679 1077 738 recte
1099 694 1190 739 com-

169 847 198 907 s
217 845 237 898 4
254 847 309 908 bis]
334 848 392 899 Pet.
411 849 494 899 voss.
513 851 546 898 A.
565 851 643 912 Egnr.
663 849 732 900 [ιον.
747 852 830 902 Febr.
849 850 933 912 Bong.
953 851 986 898 A.
1006 848 1048 898 ιιι.
1069 848 1134 900 Par.
1153 850 1209 898 A..

135 916 186 966 Dr.
212 917 268 966 Ate.
293 918 371 966 Vrat.
397 920 430 967 A.
455 918 538 966 Vind.
563 915 628 967 Βι“ι.
653 919 725 970 Vcn.
745 923 802 969 cde.
824 919 940 968 isGott.
959 920 1037 968 Vrat.
1056 919 1087 966 Β.
1106 916 1189 970 vmd.

135 985 196 1035 AF.
230 985 322 1049 Vulgo
340 986 386 1037 ιιι.
423 981 467 1036 Cf.
486 988 547 1035 adu.
568 999 607 1039 cr.
627 989 660 1036 ad
679 989 705 1051 5,
724 989 787 1049 78.
807 991 834 1038 6.

172 1063 205 1103 eo
228 1056 364 1118 tempore,
395 1056 439 1118 qni
464 1055 562 1119 quieti]
590 1055 640 1119 prii
663 1069 697 1106 eo
714 1060 844 1122 tempore
860 1055 958 1121 pucati
975 1055 1054 1122 „Cn
1073 1056 1143 1104 And.
1162 1061 1191 1104 et

135 1121 223 1175 ceteri
244 1123 303 1172 elue
331 1120 452 1175 sectae“
476 1125 547 1174 liav.
565 1127 600 1174 A.
624 1125 705 1174 vind.
726 1129 757 1178 A
782 1128 844 1175 Aid.
862 1140 920 1190 sqq
940 1128 1011 1182 cot
1031 1123 1082 1190 qni
1099 1122 1191 1189 quieti

136 1190 263 1259 „reliqui
281 1190 475 1244 vetustiores“
494 1194 552 1242 Pet.
571 1195 657 1244 Voss.
677 1198 709 1242 A.
727 1198 803 1255 Ειιιιι.
822 1197 907 1258 Bong
924 1199 957 1246 A.
975 1196 1023 1245 Dr.
1041 1194 1097 1244 ΑΒ.
1109 1193 1190 1243 Vrat.
1282 1227 1284 1230 -

135 1264 171 1313 A.
189 1261 287 1311 ιιιιιιιιι.
303 1263 386 1313 Vind
405 1264 435 1312 Β.
454 1265 490 1329 et,
510 1263 581 1312 inter
600 1275 701 1312 versus
719 1265 811 1323 posito
831 1265 889 1330 qni,
907 1265 970 1314 Per.
990 1267 1024 1313 A.
1039 1263 1110 1316 cot.
1126 1261 1190 1327 pni-

136 1343 192 1396 qne
209 1333 240 1381 et
258 1330 331 1381 (ιοιι.
348 1333 430 1383 Voss.
447 1331 477 1381 0.
496 1334 566 1383 eot.
587 1331 687 1397 quiqui
705 1335 734 1382 et
752 1334 833 1384 Vrat.
851 1335 958 1383 Bam.
974 1347 1014 1394 pr.
1032 1334 1106 1384 eot.
1125 1330 1190 1394 qni-

135 1400 370 1462 qaeetiarnruc·
392 1399 816 1465 ιιιιίιοι.οιιιιιι“,ιιιι“ι]ιιι·ι
838 1396 1189 1453 cou.eront.1.ov.vrar.

135 1469 167 1520 Β.
190 1469 271 1518 Gotb.
298 1469 328 1518 Β.
355 1469 436 1520 Vind.
464 1465 544 1520 BCD.
570 1477 627 1518 tres
651 1471 735 1521 Contt
754 1470 851 1532 (etiem
871 1468 958 1532 Pet.)
964 1473 1024 1520 edd.
1044 1474 1107 1520 ante
1125 1471 1189 1519 Ald.

135 1549 262 1602 quornm
288 1551 320 1588 eo
344 1540 366 1588 t.
391 1539 481 1602 quieti
497 1538 563 1587 bbb.
597 1540 640 1587 Ad
663 1553 771 1588 sensum
789 1540 890 1601 optima
908 1541 1019 1590 videtur
1036 1539 1118 1589 lectio
1136 1539 1190 1605 Al·
1173 1558 1197 1578 -=

135 1608 209 1656 dina.
244 1607 313 1656 Nam
326 1611 448 1668 pacatos
463 1607 568 1657 Cacsar
583 1619 636 1658 non
653 1609 730 1657 modo
748 1619 796 1660 eos
815 1610 906 1658 dicere
924 1612 1007 1671 solet,
1027 1609 1073 1673 qui
1093 1619 1187 1668 pacem

133 1676 230 1726 facere
248 1677 377 1726 eternis
395 1674 533 1726 abstinere
551 1678 639 1725 coacti
657 1680 731 1741 sunt,
750 1680 798 1727 sed
817 1679 898 1727 etiarn
919 1691 976 1742 eos,
995 1690 1107 1740 quorum
1125 1675 1187 1726 aui-

131 1745 170 1795 mi
190 1744 303 1794 hostiles
320 1758 384 1794 esso
403 1744 551 1794 desierunt.
587 1744 630 1794 Gi.
647 1749 673 1808 3,
691 1747 710 1795 7
727 1746 754 1806 S.
775 1752 806 1797 1:
823 1761 888 1797 cum
901 1747 1029 1798 ornnibns
1044 1747 1078 1797 ule
1090 1742 1188 1797 cancia
1238 1744 1242 1759 ⁸

133 1812 245 1864 caesor
270 1817 404 1874 pacatam
420 1813 543 1864 Galliam
563 1815 757 1867 existimaret.
793 1813 888 1879 ltaque
907 1817 933 1866 si
949 1816 1063 1879 scripsit
1078 1814 1188 1881 pocati,

133 1892 169 1932 ne
192 1882 228 1933 iis
257 1884 378 1948 quidem,
408 1883 541 1944 aquibus
557 1883 656 1932 bostilc
676 1885 742 1932 nibil
765 1887 918 1947 exspectari
938 1898 1019 1948 posse
1038 1885 1187 1949 videretur,
1284 1904 1288 1911 ·

133 1952 207 2000 satis
232 1958 291 2002 tuto
313 1951 387 2002 credi
412 1951 534 2012 potuisse
557 1950 634 1999 dixit.
670 1952 772 2003 Contra
795 1954 886 2018 quieti
904 1958 968 2004 suut
985 1954 1031 2017 qui
1050 1965 1188 2003 sesemen

133 2030 323 2088 commovent,
355 2019 422 2070 ιιιιιίΙ
440 2019 539 2069 bestilo
558 2018 680 2081 iaciunt,
712 2030 831 2072 ceterum
850 2036 902 2084 quo
920 2024 1009 2072 animo
1031 2023 1101 2086 siut,
1132 2032 1188 2071 non

131 2090 288 2140 ostendunt.
323 2088 647 2151 Sicc.1S.1qnieto
663 2088 764 2139 Gallia.
799 2088 887 2152 Atque
905 2092 988 2140 talem
1006 2092 1123 2153 quictem
1141 2089 1188 2151 egi

133 2158 216 2209 etiam
235 2155 322 2207 abiis
342 2170 442 2222 poseo,
460 2157 506 2220 qui
524 2169 576 2206 non
597 2157 653 2206 sint
671 2159 761 2207 enimc
777 2161 884 2224 pucati,
903 2173 963 2209 οιιιιι
983 2171 1033 2220 per
1052 2172 1083 2207 se
1102 2160 1186 2222 petet,

132 2238 191 2278 tum
208 2238 244 2276 ex
262 2239 294 2276 eo
308 2235 431 2292 apparet,
448 2228 518 2291 qnod
536 2226 563 2289 5,
581 2224 617 2276 24
634 2226 660 2287 S.
680 2229 699 2277 7
716 2236 817 2289 partem
836 2230 954 2291 ntiquom
972 2229 1081 2278 Galliae
1097 2238 1187 2291 poca-

132 2296 277 2350 tissimom
299 2299 329 2347 et
348 2296 554 2361 quietissimam
572 2296 626 2345 dici
646 2298 777 2346 videmus.
811 2297 840 2348 st
857 2297 941 2360 igitur
959 2298 1049 2362 quieti
1065 2294 1190 2360 scripsit,

134 2367 216 2417 etiam
234 2377 292 2428 eos,
310 2365 338 2415 ιιι
357 2365 453 2428 quibus
471 2366 574 2415 nullum
595 2364 702 2427 siguum
720 2365 803 2416 animi
822 2367 928 2417 hostilis
945 2368 1108 2430 appareret,
1138 2378 1188 2415 su·

135 2437 247 2518 spectes
266 2434 318 2483 sibi
338 2435 426 2484 fuisse
450 2435 576 2483 ostendit.
614 2435 647 2486 ld
665 2448 731 2486 vero
750 2437 844 2486 mirum
861 2449 915 2487 nou
933 2445 1002 2501 eret,
1024 2433 1189 2500 praesertim

135 2506 162 2554 si
181 2505 257 2567 quies
275 2505 310 2554 ed
328 2504 444 2564 speciem
462 2506 523 2552 eret
540 2508 662 2569 sumpte,
695 2507 765 2568 quod
785 2508 871 2557 verbo
889 2507 1063 2557 viderentur
1080 2503 1189 2568 signifi·

137 2581 230 2625 catum
256 2586 320 2624 esee
337 2581 435 2638 potest.
472 2573 531 2623 Hoc
551 2575 642 2642 temen
663 2577 778 2625 verbum
799 2576 837 2626 ita
854 2574 1127 2638 interpretarilicen,
1157 2576 1189 2622 ut

133 2644 190 2695 ιιοιι
206 2643 252 2707 qui
270 2643 387 2705 speciem
406 2643 571 2703 praeberent
588 2643 697 2710 quietis,
714 2647 762 2695 sed
780 2628 830 2706 qui
844 2645 934 2711 quieti
940 2657 1003 2693 csse
1016 2644 1187 2706 putarentur,
1290 2678 1301 2703 ,

134 2725 249 2777 quorum
269 2714 358 2762 motus
382 2714 475 2762 nullus
495 2720 570 2762 esset
588 2715 701 2782 aliatus,
719 2712 910 2781 intelligamus.
946 2717 1070 2764 Alterum
1087 2712 1116 2761 in
1136 2711 1190 2763 At-

133 2783 201 2832 dina
217 2779 335 2832 lectione
352 2783 565 2851 percommodum
581 2784 630 2832 boc
643 2792 696 2850 est,
713 2786 783 2847 qnod
796 2796 941 2847 pronomen
952 2783 1099 2832 relativum
1111 2792 1191 2831 suum

133 2853 211 2902 tenet
226 2851 317 2902 locum
335 2861 421 2914 neque
439 2865 456 2902 a
473 2853 690 2904 demonstrativo
707 2853 844 2903 divulsum
863 2856 905 2902 est
922 2852 1073 2902 interiectis
1092 2847 1189 2900 verbis

134 2921 185 2984 iis,
203 2931 274 2982 quac
291 2920 354 2983 ipsa
371 2924 435 2971 aute
452 2920 599 2971 relativum
619 2924 709 2984 posita
726 2922 781 2973 alio
798 2923 896 2973 referri
913 2922 1021 2987 debent,
1039 2932 1119 2982 quam
1137 2930 1190 2983 quo

134 2989 256 3040 maxime
281 2991 310 3040 et
336 2989 413 3052 quasi
439 3002 492 3040 oua
514 2997 610 3051 sponte
633 2992 774 3043 inclinent.
817 2993 935 3042 Fallitur
955 2990 1024 3041 enim
1042 2987 1190 3051 Wbittius‚

133 3057 183 3123 qui
206 3061 290 3123 Boug.
315 3061 351 3108 A.
376 3067 487 3110 secutus
511 3072 543 3111 eo
562 3062 692 3124 ternpore
716 3061 765 3126 poi
783 3061 874 3126 poten·
890 3060 1060 3112 uiderentur
1081 3059 1192 3107 sublata

137 3132 206 3178 ante
222 3139 371 3192 pronomen
386 3129 532 3179 relativum
550 3129 764 3191 interpunctione
782 3132 902 3192 scripsit.
935 3132 1036 3180 Temen
1053 3126 1135 3176 etiarn
1155 3126 1192 3174 ed

136 3197 292 3261 connnttti,
309 3208 361 3259 quo
378 3198 486 3266 debent,
505 3199 654 3250 relatorum
670 3212 702 3249 eo
717 3202 847 3263 tempore
864 3199 1010 3250 verborum
1027 3196 1099 3248 ratio
1110 3191 1193 3247 reddi

134 3269 237 3330 potest.
279 3265 483 3316 Proficiscens
485 3267 557 3318 enim
583 3280 617 3318 ex
634 3269 716 3318 Italia
734 3268 855 3336 Caesar,
886 3280 1046 3332 quamquem
1065 3267 1099 3314 de
1116 3271 1195 3317 mutn-

135 3333 288 3387 Carnutum
307 3337 336 3384 et
354 3337 540 3387 Arvernorum
565 3337 664 3387 certior
683 3337 790 3403 lectus,
823 3345 913 3388 temen
932 3349 985 3387 nou
1003 3334 1189 3398 dubitaverat,

136 3403 202 3468 quin
228 3416 278 3464 per
300 3404 473 3455 Haeduorum
492 3406 563 3456 dues
586 3408 621 3455 ed
645 3406 792 3456 exercitum
816 3407 963 3469 pervenire
979 3411 1083 3468 posset.
1117 3404 1189 3453 Nam

134 3484 195 3523 tum
212 3474 327 3537 demum,
345 3487 406 3523 oum
422 3473 452 3524 in
469 3475 676 3538 Transalpinam
694 3475 812 3527 Gallium
833 3475 971 3538 venisset,
997 3473 1048 3522 illa
1065 3485 1096 3520 se
1114 3469 1189 3522 diiii-

135 3542 466 3595 concanonicorum-esse
484 3542 589 3596 scribit.
624 3546 772 3610 ingressus
791 3543 862 3600 eninr
882 3544 910 3595 iu
924 3541 1093 3608 provinciam
1109 3549 1137 3592 et
1150 3541 1189 3592 ibi

99 3711 188 3764 quem
209 3698 338 3750 invenire
357 3706 385 3750 et
403 3699 533 3761 expedire
552 3700 626 3750 ditfi-
662 3701 736 3752 tibus
754 3701 811 3752 iam
834 3700 1068 3766 demonstratam,
1093 3701 1143 3752 sed
1155 3710 1190 3752 o·

98 3771 238 3821 ciliimnnr
258 3769 342 3820 esset.
378 3770 477 3831 ltaque
494 3770 560 3820 ante
577 3772 629 3821 iila
662 3774 755 3824 mnino
767 3770 898 3822 omissam
910 3781 928 3820 a
939 3771 1077 3832 scriptore
1096 3773 1188 3823 stetu-

100 3842 195 3890 verba
225 3851 281 3890 non
312 3838 478 3901 audiendum
508 3842 553 3889 est
577 3853 630 3892 ne·
663 3845 723 3905 unt,
741 3842 785 3892 cui
802 3841 827 3889 ei
845 3844 897 3890 boc
914 3842 1027 3906 licebat,
1047 3843 1131 3892 etiam
1147 3841 1186 3891 li-

99 3910 209 3973 eciens,
225 3908 496 3974 quodquistatnunt,
509 3908 630 3961 diificnl-
664 3915 745 3963 cebat
763 3912 856 3961 dicere
874 3923 946 3974 quoe
959 3913 1068 3964 itinero
1082 3913 1187 3976 essent,-

100 3981 194 4029 tatern
217 3979 345 4031 absolute
379 3978 480 4029 dictam
508 3978 630 4032 iaciunt:
667 3983 785 4045 petibus·
772 3983 900 4044 -posset,
920 3986 966 4034 cet
985 3995 1058 4046 unce
1072 3986 1137 4034 luco
1153 3981 1187 4032 ob

100 4051 136 4106 Β.
154 4048 239 4103 tam
230 4061 257 4102 to
278 4047 329 4102 eine
347 4046 399 4117 ietpt
417 4047 497 4114 ιιιιοιο
487 4046 548 4116 cripe
564 4051 633 4120 bopo,
667 4052 795 4103 tosticus
812 4056 953 4116 occupato
970 4053 1075 4103 essent.

101 4117 284 4182 negationem
305 4123 483 4182 eutem,qu
501 4129 570 4180 opus
588 4126 633 4171 est
719 4120 746 4182 S
766 4125 792 4169 3
813 4123 932 4183 proelio]
921 4121 994 4182 ici.
1014 4123 1077 4173 adn.
1096 4136 1136 4172 cr
1154 4121 1192 4173 ed

103 4188 143 4240 ed
162 4185 321 4253 sequentis,
339 4199 396 4240 nou
412 4185 443 4238 iu
462 4191 632 4251 praeroden—
668 4190 695 4259 ι,
716 4192 748 4242 ιι
765 4189 792 4252 s
810 4194 836 4243 ι.
