<?xml version="1.0" encoding="UTF-8"?>
<!DOCTYPE html PUBLIC "-//W3C//DTD XHTML 1.0 Transitional//EN"
    "http://www.w3.org/TR/xhtml1/DTD/xhtml1-transitional.dtd">
<html xmlns="http://www.w3.org/1999/xhtml" xml:lang="en" lang="en">
 <head>
  <title>
</title>
<meta http-equiv="Content-Type" content="text/html;charset=utf-8" />
  <meta name='ocr-system' content='tesseract 3.04.00' />
  <meta name='ocr-capabilities' content='ocr_page ocr_carea ocr_par ocr_line ocrx_word'/>
</head>
<body>
  <div class='ocr_page' id='page_1' title='image "./commentariidebe00schngoog_0107.png"; bbox 0 0 2700 4726; ppageno 0'>
   <div class='ocr_carea' id='block_1_1' title="bbox 150 256 977 365">
    <p class='ocr_par' dir='ltr' id='par_1_1' title="bbox 150 256 977 365">
     <span class='ocr_line' id='line_1_1' title="bbox 150 256 977 365; baseline 0.005 -41"><span class='ocrx_word' id='word_1_1' title='bbox 150 256 218 347; x_wconf 73' lang='lat' dir='ltr'><strong>tis</strong></span> <span class='ocrx_word' id='word_1_2' title='bbox 411 256 482 327; x_wconf 82' lang='lat' dir='ltr'><strong>DE</strong></span> <span class='ocrx_word' id='word_1_3' title='bbox 508 258 695 365; x_wconf 70' lang='lat' dir='ltr'><strong>Brinno</strong></span> <span class='ocrx_word' id='word_1_4' title='bbox 727 259 977 333; x_wconf 76' lang='lat' dir='ltr'><strong>Gnttlco</strong></span> 
     </span>
    </p>
   </div>
   <div class='ocr_carea' id='block_1_2' title="bbox 108 445 1271 899">
    <p class='ocr_par' dir='ltr' id='par_1_2' title="bbox 108 445 1271 899">
     <span class='ocr_line' id='line_1_2' title="bbox 151 445 1240 539; baseline 0.006 -26"><span class='ocrx_word' id='word_1_5' title='bbox 151 445 429 535; x_wconf 75' lang='lat' dir='ltr'><strong>deducendosque</strong></span> <span class='ocrx_word' id='word_1_6' title='bbox 463 447 508 515; x_wconf 87' lang='lat' dir='ltr'><strong>ad</strong></span> <span class='ocrx_word' id='word_1_7' title='bbox 539 470 619 516; x_wconf 88' lang='lat' dir='ltr'><strong>suos</strong></span> <span class='ocrx_word' id='word_1_8' title='bbox 648 456 804 531; x_wconf 88' lang='lat' dir='ltr'><strong>curerat,</strong></span> <span class='ocrx_word' id='word_1_9' title='bbox 839 472 925 539; x_wconf 83' lang='lat' dir='ltr'><strong>quae</strong></span> <span class='ocrx_word' id='word_1_10' title='bbox 952 450 1075 539; x_wconf 83' lang='lat' dir='ltr'><strong>cuique</strong></span> <span class='ocrx_word' id='word_1_11' title='bbox 1102 448 1240 519; x_wconf 82' lang='lat' dir='ltr'><strong>civitati</strong></span> 
     </span>
     <span class='ocr_line' id='line_1_3' title="bbox 149 536 1271 625; baseline 0.002 -24"><span class='ocrx_word' id='word_1_12' title='bbox 149 558 230 625; x_wconf 84' lang='lat' dir='ltr'><strong>pers</strong></span> <span class='ocrx_word' id='word_1_13' title='bbox 253 540 442 603; x_wconf 69' lang='lat' dir='ltr'><strong>uestrorum</strong></span> <span class='ocrx_word' id='word_1_14' title='bbox 465 536 508 602; x_wconf 88' lang='lat' dir='ltr'><strong>ab</strong></span> <span class='ocrx_word' id='word_1_15' title='bbox 531 537 628 603; x_wconf 82' lang='lat' dir='ltr'><strong>initio</strong></span> <span class='ocrx_word' id='word_1_16' title='bbox 650 538 843 615; x_wconf 77' lang='lat' dir='ltr'><strong>obvenerat.</strong></span> <span class='ocrx_word' id='word_1_17' title='bbox 1268 596 1271 603; x_wconf 94' lang='lat'><strong>.</strong></span> 
     </span>
     <span class='ocr_line' id='line_1_4' title="bbox 235 620 1264 694; baseline -0.002 -1"><span class='ocrx_word' id='word_1_18' title='bbox 235 626 293 694; x_wconf 77' lang='lat'><strong>29.</strong></span> <span class='ocrx_word' id='word_1_19' title='bbox 334 622 480 691; x_wconf 85' lang='lat' dir='ltr'><strong>Postero</strong></span> <span class='ocrx_word' id='word_1_20' title='bbox 507 620 562 691; x_wconf 87' lang='lat' dir='ltr'><strong>die</strong></span> <span class='ocrx_word' id='word_1_21' title='bbox 587 626 730 691; x_wconf 88' lang='lat' dir='ltr'><strong>concilio</strong></span> <span class='ocrx_word' id='word_1_22' title='bbox 759 629 940 692; x_wconf 88' lang='lat' dir='ltr'><strong>convocato</strong></span> <span class='ocrx_word' id='word_1_23' title='bbox 962 624 1158 691; x_wconf 87' lang='lat' dir='ltr'><strong>consolatus</strong></span> <span class='ocrx_word' id='word_1_24' title='bbox 1179 645 1264 691; x_wconf 86' lang='lat' dir='ltr'><strong>co-¹</strong></span> 
     </span>
     <span class='ocr_line' id='line_1_5' title="bbox 151 710 1251 798; baseline -0.002 -17"><span class='ocrx_word' id='word_1_25' title='bbox 151 714 374 798; x_wconf 80' lang='lat' dir='ltr'><strong>hortatusque</strong></span> <span class='ocrx_word' id='word_1_26' title='bbox 408 721 480 797; x_wconf 82' lang='lat' dir='ltr'><strong>est,</strong></span> <span class='ocrx_word' id='word_1_27' title='bbox 515 732 557 777; x_wconf 88' lang='lat' dir='ltr'><strong>oo</strong></span> <span class='ocrx_word' id='word_1_28' title='bbox 593 733 631 779; x_wconf 85' lang='lat' dir='ltr'><strong>se</strong></span> <span class='ocrx_word' id='word_1_29' title='bbox 658 712 835 779; x_wconf 78' lang='lat' dir='ltr'><strong>admodum</strong></span> <span class='ocrx_word' id='word_1_30' title='bbox 871 713 981 779; x_wconf 89' lang='lat' dir='ltr'><strong>animo</strong></span> <span class='ocrx_word' id='word_1_31' title='bbox 1013 710 1251 779; x_wconf 86' lang='lat' dir='ltr'><strong>demitterent·</strong></span> 
     </span>
     <span class='ocr_line' id='line_1_6' title="bbox 108 798 1237 899; baseline 0 -30"><span class='ocrx_word' id='word_1_32' title='bbox 108 809 131 869; x_wconf 76' lang='lat'><em>2</em></span> <span class='ocrx_word' id='word_1_33' title='bbox 152 824 233 870; x_wconf 89' lang='lat' dir='ltr'><strong>neve</strong></span> <span class='ocrx_word' id='word_1_34' title='bbox 254 798 534 891; x_wconf 75' lang='lat' dir='ltr'><strong>perturbarentur</strong></span> <span class='ocrx_word' id='word_1_35' title='bbox 554 798 782 869; x_wconf 84' lang='lat' dir='ltr'><strong>incommodo:</strong></span> <span class='ocrx_word' id='word_1_36' title='bbox 802 798 895 899; x_wconf 34' lang='lat' dir='ltr'><strong>&#39;Nou</strong></span> <span class='ocrx_word' id='word_1_37' title='bbox 923 799 1051 869; x_wconf 88' lang='lat' dir='ltr'><strong>virtute</strong></span> <span class='ocrx_word' id='word_1_38' title='bbox 1071 820 1182 889; x_wconf 83' lang='lat' dir='ltr'><strong>neque</strong></span> <span class='ocrx_word' id='word_1_39' title='bbox 1198 798 1237 869; x_wconf 81' lang='lat' dir='ltr'><strong>io</strong></span> 
     </span>
    </p>
   </div>
   <div class='ocr_carea' id='block_1_3' title="bbox 133 1002 1271 3359">
    <p class='ocr_par' dir='ltr' id='par_1_3' title="bbox 133 1002 1271 3359">
     <span class='ocr_line' id='line_1_7' title="bbox 185 1002 1247 1072; baseline -0.005 -12"><span class='ocrx_word' id='word_1_40' title='bbox 185 1007 216 1061; x_wconf 84' lang='lat' dir='ltr'><strong>in</strong></span> <span class='ocrx_word' id='word_1_41' title='bbox 234 1006 335 1069; x_wconf 68' lang='lat' dir='ltr'><strong>casuis</strong></span> <span class='ocrx_word' id='word_1_42' title='bbox 352 1005 472 1072; x_wconf 82' lang='lat' dir='ltr'><strong>excepit,</strong></span> <span class='ocrx_word' id='word_1_43' title='bbox 491 1019 578 1072; x_wconf 77' lang='lat' dir='ltr'><strong>neque</strong></span> <span class='ocrx_word' id='word_1_44' title='bbox 593 1006 817 1072; x_wconf 81' lang='lat' dir='ltr'><strong>consequentium</strong></span> <span class='ocrx_word' id='word_1_45' title='bbox 834 1019 922 1072; x_wconf 77' lang='lat' dir='ltr'><strong>neque</strong></span> <span class='ocrx_word' id='word_1_46' title='bbox 937 1005 1084 1059; x_wconf 75' lang='lat' dir='ltr'><strong>ennodium</strong></span> <span class='ocrx_word' id='word_1_47' title='bbox 1102 1002 1147 1056; x_wconf 83' lang='lat' dir='ltr'><strong>bie</strong></span> <span class='ocrx_word' id='word_1_48' title='bbox 1166 1016 1247 1063; x_wconf 85' lang='lat' dir='ltr'><strong>ver--</strong></span> 
     </span>
     <span class='ocr_line' id='line_1_8' title="bbox 186 1074 1270 1143; baseline -0.001 -15"><span class='ocrx_word' id='word_1_49' title='bbox 186 1079 229 1129; x_wconf 85' lang='lat' dir='ltr'><strong>bie</strong></span> <span class='ocrx_word' id='word_1_50' title='bbox 248 1077 398 1135; x_wconf 71' lang='lat' dir='ltr'><strong>significari</strong></span> <span class='ocrx_word' id='word_1_51' title='bbox 415 1090 503 1141; x_wconf 85' lang='lat' dir='ltr'><strong>neque</strong></span> <span class='ocrx_word' id='word_1_52' title='bbox 520 1076 628 1129; x_wconf 84' lang='lat' dir='ltr'><strong>omuino</strong></span> <span class='ocrx_word' id='word_1_53' title='bbox 643 1079 733 1129; x_wconf 90' lang='lat' dir='ltr'><strong>locum</strong></span> <span class='ocrx_word' id='word_1_54' title='bbox 752 1091 816 1129; x_wconf 84' lang='lat' dir='ltr'><strong>esse</strong></span> <span class='ocrx_word' id='word_1_55' title='bbox 832 1075 1004 1129; x_wconf 83' lang='lat' dir='ltr'><strong>coniunctivo</strong></span> <span class='ocrx_word' id='word_1_56' title='bbox 1018 1084 1103 1139; x_wconf 86' lang='lat' dir='ltr'><strong>patet.</strong></span> <span class='ocrx_word' id='word_1_57' title='bbox 1139 1074 1235 1143; x_wconf 66' lang='lat' dir='ltr'><strong>1an</strong></span> <span class='ocrx_word' id='word_1_58' title='bbox 1264 1120 1270 1127; x_wconf 94' lang='lat'><strong>.</strong></span> 
     </span>
     <span class='ocr_line' id='line_1_9' title="bbox 184 1144 1267 1211; baseline -0.002 -14"><span class='ocrx_word' id='word_1_59' title='bbox 184 1161 241 1198; x_wconf 88' lang='lat' dir='ltr'><strong>una</strong></span> <span class='ocrx_word' id='word_1_60' title='bbox 265 1147 359 1198; x_wconf 88' lang='lat' dir='ltr'><strong>littera</strong></span> <span class='ocrx_word' id='word_1_61' title='bbox 385 1148 490 1197; x_wconf 84' lang='lat' dir='ltr'><strong>mutatu</strong></span> <span class='ocrx_word' id='word_1_62' title='bbox 512 1148 653 1210; x_wconf 84' lang='lat' dir='ltr'><strong>legendum</strong></span> <span class='ocrx_word' id='word_1_63' title='bbox 670 1156 735 1211; x_wconf 87' lang='lat' dir='ltr'><strong>puto</strong></span> <span class='ocrx_word' id='word_1_64' title='bbox 752 1148 978 1211; x_wconf 87' lang='lat' dir='ltr'><strong>ut-curarut,</strong></span> <span class='ocrx_word' id='word_1_65' title='bbox 995 1157 1048 1209; x_wconf 86' lang='lat' dir='ltr'><strong>quo</strong></span> <span class='ocrx_word' id='word_1_66' title='bbox 1062 1144 1236 1211; x_wconf 76' lang='lat' dir='ltr'><strong>exceptioni·</strong></span> <span class='ocrx_word' id='word_1_67' title='bbox 1260 1190 1267 1204; x_wconf 87' lang='grc'><em>,</em></span> 
     </span>
     <span class='ocr_line' id='line_1_10' title="bbox 185 1214 1235 1281; baseline -0.002 -14"><span class='ocrx_word' id='word_1_68' title='bbox 185 1230 248 1267; x_wconf 89' lang='lat' dir='ltr'><strong>com</strong></span> <span class='ocrx_word' id='word_1_69' title='bbox 265 1214 406 1267; x_wconf 79' lang='lat' dir='ltr'><strong>curatione</strong></span> <span class='ocrx_word' id='word_1_70' title='bbox 426 1215 617 1266; x_wconf 73' lang='lat' dir='ltr'><strong>convertentia</strong></span> <span class='ocrx_word' id='word_1_71' title='bbox 632 1218 796 1281; x_wconf 79' lang='lat' dir='ltr'><strong>declaretur,</strong></span> <span class='ocrx_word' id='word_1_72' title='bbox 814 1215 904 1279; x_wconf 85' lang='lat' dir='ltr'><strong>posite</strong></span> <span class='ocrx_word' id='word_1_73' title='bbox 921 1216 971 1267; x_wconf 92' lang='lat' dir='ltr'><strong>illa</strong></span> <span class='ocrx_word' id='word_1_74' title='bbox 987 1214 1015 1266; x_wconf 85' lang='lat' dir='ltr'><strong>ia</strong></span> <span class='ocrx_word' id='word_1_75' title='bbox 1032 1224 1078 1278; x_wconf 87' lang='lat' dir='ltr'><strong>eo,</strong></span> <span class='ocrx_word' id='word_1_76' title='bbox 1094 1214 1165 1278; x_wconf 86' lang='lat' dir='ltr'><strong>quad</strong></span> <span class='ocrx_word' id='word_1_77' title='bbox 1178 1222 1235 1265; x_wconf 75' lang='lat' dir='ltr'><strong>nel</strong></span> 
     </span>
     <span class='ocr_line' id='line_1_11' title="bbox 183 1280 1250 1349; baseline 0 -14"><span class='ocrx_word' id='word_1_78' title='bbox 183 1298 239 1337; x_wconf 91' lang='lat' dir='ltr'><strong>uno</strong></span> <span class='ocrx_word' id='word_1_79' title='bbox 256 1296 351 1335; x_wconf 73' lang='lat' dir='ltr'><strong>omme</strong></span> <span class='ocrx_word' id='word_1_80' title='bbox 374 1284 472 1348; x_wconf 81' lang='lat' dir='ltr'><strong>simul,</strong></span> <span class='ocrx_word' id='word_1_81' title='bbox 503 1285 553 1335; x_wconf 80' lang='lat' dir='ltr'><strong>red</strong></span> <span class='ocrx_word' id='word_1_82' title='bbox 572 1297 769 1349; x_wconf 78' lang='lat' dir='ltr'><strong>unoquemque</strong></span> <span class='ocrx_word' id='word_1_83' title='bbox 788 1289 941 1337; x_wconf 81' lang='lat' dir='ltr'><strong>castrorum</strong></span> <span class='ocrx_word' id='word_1_84' title='bbox 959 1285 1020 1336; x_wconf 91' lang='lat' dir='ltr'><strong>laco</strong></span> <span class='ocrx_word' id='word_1_85' title='bbox 1035 1283 1153 1344; x_wconf 81' lang='lat' dir='ltr'><strong>exceplt.</strong></span> <span class='ocrx_word' id='word_1_86' title='bbox 1187 1280 1250 1339; x_wconf 76' lang='lat' dir='ltr'><strong>(if.-</strong></span> 
     </span>
     <span class='ocr_line' id='line_1_12' title="bbox 133 1352 1269 1422; baseline -0.004 -15"><span class='ocrx_word' id='word_1_87' title='bbox 133 1374 138 1388; x_wconf 85' lang='lat'><strong>·</strong></span> <span class='ocrx_word' id='word_1_88' title='bbox 182 1368 211 1407; x_wconf 90' lang='lat' dir='ltr'><strong>c.</strong></span> <span class='ocrx_word' id='word_1_89' title='bbox 230 1353 267 1403; x_wconf 85' lang='grc'><strong>68</strong></span> <span class='ocrx_word' id='word_1_90' title='bbox 284 1353 309 1422; x_wconf 67' lang='grc'>3.</span> <span class='ocrx_word' id='word_1_91' title='bbox 328 1356 359 1403; x_wconf 84' lang='lat'><strong>1:</strong></span> <span class='ocrx_word' id='word_1_92' title='bbox 384 1352 612 1417; x_wconf 81' lang='lat' dir='ltr'><strong>Verciupeturie</strong></span> <span class='ocrx_word' id='word_1_93' title='bbox 628 1356 740 1420; x_wconf 87' lang='lat' dir='ltr'><strong>copias,</strong></span> <span class='ocrx_word' id='word_1_94' title='bbox 764 1357 800 1406; x_wconf 87' lang='lat' dir='ltr'><strong>ut</strong></span> <span class='ocrx_word' id='word_1_95' title='bbox 814 1367 872 1419; x_wconf 87' lang='lat' dir='ltr'><strong>pro</strong></span> <span class='ocrx_word' id='word_1_96' title='bbox 889 1355 997 1405; x_wconf 73' lang='lat' dir='ltr'><strong>enaim</strong></span> <span class='ocrx_word' id='word_1_97' title='bbox 1015 1354 1235 1418; x_wconf 74' lang='lat' dir='ltr'><strong>conlocauerat,</strong></span> <span class='ocrx_word' id='word_1_98' title='bbox 1247 1378 1269 1403; x_wconf 74' lang='lat'><strong>‚-</strong></span> 
     </span>
     <span class='ocr_line' id='line_1_13' title="bbox 182 1417 1271 1487; baseline -0.004 -12"><span class='ocrx_word' id='word_1_99' title='bbox 182 1425 314 1475; x_wconf 84' lang='lat' dir='ltr'><strong>redaait.</strong></span> <span class='ocrx_word' id='word_1_100' title='bbox 349 1423 476 1473; x_wconf 83' lang='lat' dir='ltr'><strong>Eiusdem</strong></span> <span class='ocrx_word' id='word_1_101' title='bbox 492 1423 613 1485; x_wconf 83' lang='lat' dir='ltr'><strong>generis,</strong></span> <span class='ocrx_word' id='word_1_102' title='bbox 630 1426 678 1475; x_wconf 88' lang='lat' dir='ltr'><strong>scd</strong></span> <span class='ocrx_word' id='word_1_103' title='bbox 696 1426 768 1474; x_wconf 83' lang='lat' dir='ltr'><strong>elius</strong></span> <span class='ocrx_word' id='word_1_104' title='bbox 786 1425 889 1487; x_wconf 84' lang='lat' dir='ltr'><strong>speclei</strong></span> <span class='ocrx_word' id='word_1_105' title='bbox 904 1421 973 1474; x_wconf 90' lang='lat' dir='ltr'><strong>illud</strong></span> <span class='ocrx_word' id='word_1_106' title='bbox 989 1425 1042 1484; x_wconf 87' lang='lat' dir='ltr'><strong>est,</strong></span> <span class='ocrx_word' id='word_1_107' title='bbox 1059 1424 1130 1484; x_wconf 80' lang='lat' dir='ltr'><strong>quod</strong></span> <span class='ocrx_word' id='word_1_108' title='bbox 1147 1423 1176 1486; x_wconf 83' lang='lat'><strong>5,</strong></span> <span class='ocrx_word' id='word_1_109' title='bbox 1193 1417 1233 1473; x_wconf 69' lang='lat'><strong>⁴3</strong></span> <span class='ocrx_word' id='word_1_110' title='bbox 1250 1464 1271 1485; x_wconf 74' lang='grc'><strong>,.</strong></span> 
     </span>
     <span class='ocr_line' id='line_1_14' title="bbox 182 1489 1248 1556; baseline -0.002 -13"><span class='ocrx_word' id='word_1_111' title='bbox 182 1492 209 1555; x_wconf 87' lang='grc'>3.</span> <span class='ocrx_word' id='word_1_112' title='bbox 227 1493 244 1543; x_wconf 80' lang='lat'><strong>5</strong></span> <span class='ocrx_word' id='word_1_113' title='bbox 261 1492 392 1555; x_wconf 84' lang='lat' dir='ltr'><strong>legimus,</strong></span> <span class='ocrx_word' id='word_1_114' title='bbox 410 1493 493 1543; x_wconf 80' lang='lat' dir='ltr'><strong>utre</strong></span> <span class='ocrx_word' id='word_1_115' title='bbox 510 1491 561 1543; x_wconf 78' lang='lat' dir='ltr'><strong>sub</strong></span> <span class='ocrx_word' id='word_1_116' title='bbox 578 1492 641 1555; x_wconf 80' lang='lat' dir='ltr'><strong>ipso</strong></span> <span class='ocrx_word' id='word_1_117' title='bbox 657 1495 734 1543; x_wconf 73' lang='lat' dir='ltr'><strong>naua</strong></span> <span class='ocrx_word' id='word_1_118' title='bbox 750 1493 1003 1556; x_wconf 77' lang='lat' dir='ltr'><strong>constipaverant,</strong></span> <span class='ocrx_word' id='word_1_119' title='bbox 1028 1492 1145 1553; x_wconf 82' lang='lat' dir='ltr'><strong>itemque</strong></span> <span class='ocrx_word' id='word_1_120' title='bbox 1162 1489 1248 1541; x_wconf 87' lang='lat' dir='ltr'><strong>illud-</strong></span> 
     </span>
     <span class='ocr_line' id='line_1_15' title="bbox 181 1552 1271 1627; baseline -0.006 -12"><span class='ocrx_word' id='word_1_121' title='bbox 181 1568 209 1627; x_wconf 88' lang='grc'><strong>2,</strong></span> <span class='ocrx_word' id='word_1_122' title='bbox 228 1564 262 1613; x_wconf 93' lang='grc'>23</span> <span class='ocrx_word' id='word_1_123' title='bbox 281 1560 307 1622; x_wconf 80' lang='grc'>3.</span> <span class='ocrx_word' id='word_1_124' title='bbox 328 1562 359 1611; x_wconf 88' lang='lat'><strong>1:</strong></span> <span class='ocrx_word' id='word_1_125' title='bbox 381 1563 415 1610; x_wconf 85' lang='lat' dir='ltr'><strong>ut</strong></span> <span class='ocrx_word' id='word_1_126' title='bbox 431 1561 463 1610; x_wconf 89' lang='lat' dir='ltr'><strong>in</strong></span> <span class='ocrx_word' id='word_1_127' title='bbox 479 1560 604 1612; x_wconf 82' lang='lat' dir='ltr'><strong>sinistra</strong></span> <span class='ocrx_word' id='word_1_128' title='bbox 621 1563 711 1626; x_wconf 86' lang='lat' dir='ltr'><strong>parte</strong></span> <span class='ocrx_word' id='word_1_129' title='bbox 727 1562 790 1613; x_wconf 80' lang='lat' dir='ltr'><strong>acie</strong></span> <span class='ocrx_word' id='word_1_130' title='bbox 808 1562 1020 1625; x_wconf 85' lang='lat' dir='ltr'><strong>constiterant,</strong></span> <span class='ocrx_word' id='word_1_131' title='bbox 1038 1557 1086 1610; x_wconf 89' lang='lat' dir='ltr'><strong>ubi</strong></span> <span class='ocrx_word' id='word_1_132' title='bbox 1103 1558 1142 1610; x_wconf 80' lang='lat' dir='ltr'><strong>ai.</strong></span> <span class='ocrx_word' id='word_1_133' title='bbox 1159 1569 1233 1623; x_wconf 75' lang='lat' dir='ltr'><strong>quae</strong></span> <span class='ocrx_word' id='word_1_134' title='bbox 1266 1552 1271 1567; x_wconf 67' lang='lat'>²</span> 
     </span>
     <span class='ocr_line' id='line_1_16' title="bbox 181 1630 1232 1694; baseline -0.003 -12"><span class='ocrx_word' id='word_1_135' title='bbox 181 1630 322 1691; x_wconf 83' lang='lat' dir='ltr'><strong>adscripta</strong></span> <span class='ocrx_word' id='word_1_136' title='bbox 345 1632 424 1692; x_wconf 88' lang='lat' dir='ltr'><strong>sant,</strong></span> <span class='ocrx_word' id='word_1_137' title='bbox 453 1643 487 1679; x_wconf 87' lang='lat' dir='ltr'><strong>ex</strong></span> <span class='ocrx_word' id='word_1_138' title='bbox 513 1631 610 1694; x_wconf 85' lang='lat' dir='ltr'><strong>quibus</strong></span> <span class='ocrx_word' id='word_1_139' title='bbox 635 1632 716 1681; x_wconf 87' lang='lat' dir='ltr'><strong>simul</strong></span> <span class='ocrx_word' id='word_1_140' title='bbox 734 1640 850 1693; x_wconf 85' lang='lat' dir='ltr'><strong>apparet</strong></span> <span class='ocrx_word' id='word_1_141' title='bbox 865 1631 908 1683; x_wconf 80' lang='lat' dir='ltr'><strong>etc</strong></span> <span class='ocrx_word' id='word_1_142' title='bbox 925 1630 1085 1681; x_wconf 86' lang='lat' dir='ltr'><strong>adverbium</strong></span> <span class='ocrx_word' id='word_1_143' title='bbox 1104 1630 1131 1677; x_wconf 91' lang='lat' dir='ltr'><strong>in</strong></span> <span class='ocrx_word' id='word_1_144' title='bbox 1153 1636 1232 1691; x_wconf 85' lang='lat' dir='ltr'><strong>parte</strong></span> 
     </span>
     <span class='ocr_line' id='line_1_17' title="bbox 179 1698 1233 1764; baseline 0.002 -17"><span class='ocrx_word' id='word_1_145' title='bbox 179 1699 304 1755; x_wconf 85' lang='lat' dir='ltr'><strong>codicum</strong></span> <span class='ocrx_word' id='word_1_146' title='bbox 322 1709 435 1749; x_wconf 74' lang='lat' dir='ltr'><strong>exstans</strong></span> <span class='ocrx_word' id='word_1_147' title='bbox 452 1699 540 1764; x_wconf 82' lang='lat' dir='ltr'><strong>ipsum</strong></span> <span class='ocrx_word' id='word_1_148' title='bbox 559 1701 631 1755; x_wconf 82' lang='lat' dir='ltr'><strong>satis</strong></span> <span class='ocrx_word' id='word_1_149' title='bbox 649 1712 712 1750; x_wconf 80' lang='lat' dir='ltr'><strong>esee</strong></span> <span class='ocrx_word' id='word_1_150' title='bbox 729 1699 867 1763; x_wconf 74' lang='lat' dir='ltr'><strong>probabile</strong></span> <span class='ocrx_word' id='word_1_151' title='bbox 884 1702 913 1751; x_wconf 89' lang='lat' dir='ltr'><strong>et</strong></span> <span class='ocrx_word' id='word_1_152' title='bbox 930 1700 1064 1760; x_wconf 81' lang='lat' dir='ltr'><strong>possead</strong></span> <span class='ocrx_word' id='word_1_153' title='bbox 1082 1699 1118 1749; x_wconf 85' lang='lat' dir='ltr'><strong>ut</strong></span> <span class='ocrx_word' id='word_1_154' title='bbox 1131 1698 1233 1761; x_wconf 77' lang='lat' dir='ltr'><strong>diepe-</strong></span> 
     </span>
     <span class='ocr_line' id='line_1_18' title="bbox 179 1768 1237 1831; baseline 0 -10"><span class='ocrx_word' id='word_1_155' title='bbox 179 1769 464 1821; x_wconf 81' lang='lat' dir='ltr'><strong>rundas—cururat</strong></span> <span class='ocrx_word' id='word_1_156' title='bbox 487 1768 595 1824; x_wconf 84' lang='lat' dir='ltr'><strong>reterri.</strong></span> <span class='ocrx_word' id='word_1_157' title='bbox 635 1770 689 1819; x_wconf 81' lang='lat' dir='ltr'><strong>Sed</strong></span> <span class='ocrx_word' id='word_1_158' title='bbox 712 1781 745 1819; x_wconf 91' lang='lat' dir='ltr'><strong>eo</strong></span> <span class='ocrx_word' id='word_1_159' title='bbox 772 1770 859 1829; x_wconf 81' lang='lat' dir='ltr'><strong>posito</strong></span> <span class='ocrx_word' id='word_1_160' title='bbox 885 1769 1047 1831; x_wconf 72' lang='lat' dir='ltr'><strong>certatorem</strong></span> <span class='ocrx_word' id='word_1_161' title='bbox 1068 1770 1125 1817; x_wconf 80' lang='lat' dir='ltr'><strong>tuln</strong></span> <span class='ocrx_word' id='word_1_162' title='bbox 1145 1768 1237 1821; x_wconf 67' lang='lat' dir='ltr'><strong>namt}</strong></span> 
     </span>
     <span class='ocr_line' id='line_1_19' title="bbox 174 1835 1230 1901; baseline -0.004 -12"><span class='ocrx_word' id='word_1_163' title='bbox 174 1840 268 1897; x_wconf 69' lang='lat' dir='ltr'><strong>,verba</strong></span> <span class='ocrx_word' id='word_1_164' title='bbox 285 1836 458 1888; x_wconf 87' lang='lat' dir='ltr'><strong>interieeisse</strong></span> <span class='ocrx_word' id='word_1_165' title='bbox 474 1837 562 1887; x_wconf 87' lang='lat' dir='ltr'><strong>miuus</strong></span> <span class='ocrx_word' id='word_1_166' title='bbox 580 1837 723 1899; x_wconf 72' lang='lat' dir='ltr'><strong>probabile</strong></span> <span class='ocrx_word' id='word_1_167' title='bbox 740 1842 792 1888; x_wconf 83' lang='lat' dir='ltr'><strong>est.</strong></span> <span class='ocrx_word' id='word_1_168' title='bbox 827 1840 904 1898; x_wconf 78' lang='lat' dir='ltr'><strong>Quod</strong></span> <span class='ocrx_word' id='word_1_169' title='bbox 917 1840 952 1888; x_wconf 84' lang='lat' dir='ltr'><strong>ad</strong></span> <span class='ocrx_word' id='word_1_170' title='bbox 966 1849 1109 1900; x_wconf 77' lang='lat' dir='ltr'><strong>syncopen</strong></span> <span class='ocrx_word' id='word_1_171' title='bbox 1120 1835 1230 1901; x_wconf 72' lang='lat' dir='ltr'><strong>attinet,</strong></span> 
     </span>
     <span class='ocr_line' id='line_1_20' title="bbox 179 1904 1230 1974; baseline -0.006 -14"><span class='ocrx_word' id='word_1_172' title='bbox 179 1911 216 1960; x_wconf 84' lang='lat' dir='ltr'><strong>cl.</strong></span> <span class='ocrx_word' id='word_1_173' title='bbox 236 1906 296 1959; x_wconf 81' lang='lat' dir='ltr'><strong>civ.</strong></span> <span class='ocrx_word' id='word_1_174' title='bbox 315 1910 342 1970; x_wconf 85' lang='lat'><strong>3,</strong></span> <span class='ocrx_word' id='word_1_175' title='bbox 362 1904 396 1956; x_wconf 76' lang='lat'><strong>42</strong></span> <span class='ocrx_word' id='word_1_176' title='bbox 416 1904 443 1964; x_wconf 86' lang='grc'>3.</span> <span class='ocrx_word' id='word_1_177' title='bbox 460 1906 477 1958; x_wconf 82' lang='lat'>5</span> <span class='ocrx_word' id='word_1_178' title='bbox 495 1910 708 1971; x_wconf 80' lang='lat' dir='ltr'><strong>coatporturut,</strong></span> <span class='ocrx_word' id='word_1_179' title='bbox 728 1908 802 1958; x_wconf 76' lang='lat' dir='ltr'><strong>(lull.</strong></span> <span class='ocrx_word' id='word_1_180' title='bbox 822 1909 848 1974; x_wconf 89' lang='grc'><strong>2,</strong></span> <span class='ocrx_word' id='word_1_181' title='bbox 867 1907 901 1958; x_wconf 83' lang='grc'>19</span> <span class='ocrx_word' id='word_1_182' title='bbox 919 1905 945 1966; x_wconf 81' lang='lat' dir='ltr'><strong>S.</strong></span> <span class='ocrx_word' id='word_1_183' title='bbox 961 1910 978 1957; x_wconf 89' lang='lat'>2</span> <span class='ocrx_word' id='word_1_184' title='bbox 996 1907 1176 1969; x_wconf 86' lang='lat' dir='ltr'><strong>collocarat,</strong></span> <span class='ocrx_word' id='word_1_185' title='bbox 1201 1908 1230 1969; x_wconf 86' lang='lat' dir='ltr'><strong>ll,</strong></span> 
     </span>
     <span class='ocr_line' id='line_1_21' title="bbox 178 1975 1231 2045; baseline -0.001 -18"><span class='ocrx_word' id='word_1_186' title='bbox 178 1981 196 2031; x_wconf 83' lang='grc'><strong>7</strong></span> <span class='ocrx_word' id='word_1_187' title='bbox 216 1976 242 2037; x_wconf 87' lang='grc'>3.</span> <span class='ocrx_word' id='word_1_188' title='bbox 260 1979 277 2026; x_wconf 87' lang='grc'><strong>2</strong></span> <span class='ocrx_word' id='word_1_189' title='bbox 295 1977 458 2038; x_wconf 66' lang='lat' dir='ltr'><strong>duruerat,</strong></span> <span class='ocrx_word' id='word_1_190' title='bbox 478 1976 504 2039; x_wconf 87' lang='grc'><strong>2,</strong></span> <span class='ocrx_word' id='word_1_191' title='bbox 522 1978 556 2025; x_wconf 88' lang='grc'><strong>33</strong></span> <span class='ocrx_word' id='word_1_192' title='bbox 574 1975 601 2036; x_wconf 89' lang='grc'>3.</span> <span class='ocrx_word' id='word_1_193' title='bbox 618 1982 636 2028; x_wconf 86' lang='grc'><strong>3</strong></span> <span class='ocrx_word' id='word_1_194' title='bbox 653 1977 837 2041; x_wconf 67' lang='lat' dir='ltr'><strong>elaboraret,</strong></span> <span class='ocrx_word' id='word_1_195' title='bbox 854 1977 881 2042; x_wconf 90' lang='lat'><strong>1,</strong></span> <span class='ocrx_word' id='word_1_196' title='bbox 897 1975 915 2028; x_wconf 77' lang='lat'><strong>5</strong></span> <span class='ocrx_word' id='word_1_197' title='bbox 934 1976 960 2045; x_wconf 89' lang='lat'><strong>§.</strong></span> <span class='ocrx_word' id='word_1_198' title='bbox 980 1978 997 2025; x_wconf 88' lang='grc'><strong>3</strong></span> <span class='ocrx_word' id='word_1_199' title='bbox 1013 1976 1231 2041; x_wconf 77' lang='lat' dir='ltr'><strong>oppupnurunt,</strong></span> 
     </span>
     <span class='ocr_line' id='line_1_22' title="bbox 178 2043 1232 2111; baseline -0.002 -14"><span class='ocrx_word' id='word_1_200' title='bbox 178 2045 260 2097; x_wconf 83' lang='lat' dir='ltr'><strong>Alex.</strong></span> <span class='ocrx_word' id='word_1_201' title='bbox 281 2049 315 2096; x_wconf 82' lang='grc'><strong>26</strong></span> <span class='ocrx_word' id='word_1_202' title='bbox 335 2045 362 2105; x_wconf 89' lang='grc'>3.</span> <span class='ocrx_word' id='word_1_203' title='bbox 379 2046 396 2093; x_wconf 87' lang='grc'><strong>3</strong></span> <span class='ocrx_word' id='word_1_204' title='bbox 413 2046 539 2107; x_wconf 76' lang='lat' dir='ltr'><strong>pararat</strong></span> <span class='ocrx_word' id='word_1_205' title='bbox 558 2047 605 2095; x_wconf 91' lang='lat' dir='ltr'><strong>vel</strong></span> <span class='ocrx_word' id='word_1_206' title='bbox 620 2048 772 2111; x_wconf 89' lang='lat' dir='ltr'><strong>placarat,</strong></span> <span class='ocrx_word' id='word_1_207' title='bbox 792 2045 906 2108; x_wconf 78' lang='lat' dir='ltr'><strong>tetrique</strong></span> <span class='ocrx_word' id='word_1_208' title='bbox 924 2046 987 2097; x_wconf 73' lang='lat' dir='ltr'><strong>dtr.</strong></span> <span class='ocrx_word' id='word_1_209' title='bbox 1006 2045 1041 2095; x_wconf 82' lang='grc'>23</span> <span class='ocrx_word' id='word_1_210' title='bbox 1059 2046 1085 2107; x_wconf 97' lang='grc'><strong>3.</strong></span> <span class='ocrx_word' id='word_1_211' title='bbox 1103 2045 1121 2093; x_wconf 84' lang='grc'><strong>2</strong></span> <span class='ocrx_word' id='word_1_212' title='bbox 1141 2043 1232 2105; x_wconf 84' lang='lat' dir='ltr'><strong>ipsum</strong></span> 
     </span>
     <span class='ocr_line' id='line_1_23' title="bbox 176 2111 1232 2175; baseline -0.002 -8"><span class='ocrx_word' id='word_1_213' title='bbox 176 2117 306 2168; x_wconf 87' lang='lat' dir='ltr'><strong>curarat</strong></span> <span class='ocrx_word' id='word_1_214' title='bbox 327 2115 476 2163; x_wconf 85' lang='lat' dir='ltr'><strong>seeundum</strong></span> <span class='ocrx_word' id='word_1_215' title='bbox 496 2114 611 2175; x_wconf 83' lang='lat' dir='ltr'><strong>optimos</strong></span> <span class='ocrx_word' id='word_1_216' title='bbox 629 2115 739 2166; x_wconf 87' lang='lat' dir='ltr'><strong>codices</strong></span> <span class='ocrx_word' id='word_1_217' title='bbox 758 2115 963 2164; x_wconf 87' lang='lat' dir='ltr'><strong>restituendum.</strong></span> <span class='ocrx_word' id='word_1_218' title='bbox 999 2114 1077 2172; x_wconf 81' lang='lat' dir='ltr'><strong>Quae</strong></span> <span class='ocrx_word' id='word_1_219' title='bbox 1093 2111 1119 2161; x_wconf 84' lang='lat' dir='ltr'><strong>si</strong></span> <span class='ocrx_word' id='word_1_220' title='bbox 1141 2124 1232 2173; x_wconf 66' lang='lat' dir='ltr'><strong>pauet</strong></span> 
     </span>
     <span class='ocr_line' id='line_1_24' title="bbox 176 2180 1230 2247; baseline -0.003 -12"><span class='ocrx_word' id='word_1_221' title='bbox 176 2186 313 2246; x_wconf 85' lang='lat' dir='ltr'><strong>videntur,</strong></span> <span class='ocrx_word' id='word_1_222' title='bbox 332 2196 394 2235; x_wconf 89' lang='lat' dir='ltr'><strong>cum</strong></span> <span class='ocrx_word' id='word_1_223' title='bbox 410 2185 573 2235; x_wconf 79' lang='lat' dir='ltr'><strong>curaverat</strong></span> <span class='ocrx_word' id='word_1_224' title='bbox 590 2185 719 2235; x_wconf 75' lang='lat' dir='ltr'><strong>undecim</strong></span> <span class='ocrx_word' id='word_1_225' title='bbox 734 2184 763 2235; x_wconf 89' lang='lat' dir='ltr'><strong>ln</strong></span> <span class='ocrx_word' id='word_1_226' title='bbox 781 2185 850 2235; x_wconf 86' lang='lat' dir='ltr'><strong>oud.</strong></span> <span class='ocrx_word' id='word_1_227' title='bbox 869 2180 1031 2233; x_wconf 82' lang='lat' dir='ltr'><strong>recensione</strong></span> <span class='ocrx_word' id='word_1_228' title='bbox 1049 2182 1230 2247; x_wconf 54' lang='grc' dir='ltr'>133333μί-</span> 
     </span>
     <span class='ocr_line' id='line_1_25' title="bbox 175 2246 1230 2314; baseline -0.003 -8"><span class='ocrx_word' id='word_1_229' title='bbox 175 2254 267 2307; x_wconf 87' lang='lat' dir='ltr'><strong>milcm</strong></span> <span class='ocrx_word' id='word_1_230' title='bbox 287 2256 346 2303; x_wconf 84' lang='lat' dir='ltr'><strong>tere</strong></span> <span class='ocrx_word' id='word_1_231' title='bbox 364 2254 392 2301; x_wconf 92' lang='lat' dir='ltr'><strong>iu</strong></span> <span class='ocrx_word' id='word_1_232' title='bbox 410 2251 522 2314; x_wconf 79' lang='lat' dir='ltr'><strong>reliquis</strong></span> <span class='ocrx_word' id='word_1_233' title='bbox 539 2252 635 2303; x_wconf 83' lang='lat' dir='ltr'><strong>formis</strong></span> <span class='ocrx_word' id='word_1_234' title='bbox 652 2265 688 2305; x_wconf 87' lang='lat' dir='ltr'><strong>ac</strong></span> <span class='ocrx_word' id='word_1_235' title='bbox 707 2253 780 2304; x_wconf 87' lang='lat' dir='ltr'><strong>iuter</strong></span> <span class='ocrx_word' id='word_1_236' title='bbox 796 2268 816 2306; x_wconf 90' lang='lat' dir='ltr'><strong>a</strong></span> <span class='ocrx_word' id='word_1_237' title='bbox 832 2261 861 2303; x_wconf 87' lang='lat' dir='ltr'><strong>et</strong></span> <span class='ocrx_word' id='word_1_238' title='bbox 877 2263 896 2304; x_wconf 84' lang='lat' dir='ltr'><strong>r</strong></span> <span class='ocrx_word' id='word_1_239' title='bbox 916 2252 1077 2303; x_wconf 76' lang='lat' dir='ltr'><strong>iubentibus</strong></span> <span class='ocrx_word' id='word_1_240' title='bbox 1094 2246 1230 2303; x_wconf 81' lang='lat' dir='ltr'><strong>rationem</strong></span> 
     </span>
     <span class='ocr_line' id='line_1_26' title="bbox 174 2322 562 2383; baseline -0.015 -8"><span class='ocrx_word' id='word_1_241' title='bbox 174 2324 298 2375; x_wconf 86' lang='lat' dir='ltr'><strong>ubtlnere</strong></span> <span class='ocrx_word' id='word_1_242' title='bbox 316 2322 491 2383; x_wconf 84' lang='lat' dir='ltr'><strong>reputandum</strong></span> <span class='ocrx_word' id='word_1_243' title='bbox 511 2327 562 2370; x_wconf 85' lang='lat' dir='ltr'><strong>est.</strong></span> 
     </span>
     <span class='ocr_line' id='line_1_27' title="bbox 211 2382 1231 2455; baseline 0 -14"><span class='ocrx_word' id='word_1_244' title='bbox 211 2392 277 2452; x_wconf 84' lang='lat' dir='ltr'><strong>cup.</strong></span> <span class='ocrx_word' id='word_1_245' title='bbox 296 2392 339 2442; x_wconf 86' lang='grc'><strong>29.</strong></span> <span class='ocrx_word' id='word_1_246' title='bbox 360 2389 419 2448; x_wconf 83' lang='grc'><strong>31</strong></span> <span class='ocrx_word' id='word_1_247' title='bbox 443 2390 526 2449; x_wconf 84' lang='lat' dir='ltr'><strong>neve]</strong></span> <span class='ocrx_word' id='word_1_248' title='bbox 553 2401 590 2439; x_wconf 88' lang='lat' dir='ltr'><strong>ne</strong></span> <span class='ocrx_word' id='word_1_249' title='bbox 608 2389 713 2455; x_wconf 57' lang='lat' dir='ltr'>„MSS</span> <span class='ocrx_word' id='word_1_250' title='bbox 734 2387 855 2453; x_wconf 83' lang='lat' dir='ltr'><strong>plerique</strong></span> <span class='ocrx_word' id='word_1_251' title='bbox 863 2385 883 2421; x_wconf 86' lang='lat'><strong>“</strong></span> <span class='ocrx_word' id='word_1_252' title='bbox 903 2392 988 2447; x_wconf 85' lang='lat' dir='ltr'><strong>Voss.</strong></span> <span class='ocrx_word' id='word_1_253' title='bbox 1007 2382 1135 2453; x_wconf 72' lang='lat' dir='ltr'><strong>A..ugu.</strong></span> <span class='ocrx_word' id='word_1_254' title='bbox 1154 2390 1231 2441; x_wconf 75' lang='lat' dir='ltr'><strong>Gott-</strong></span> 
     </span>
     <span class='ocr_line' id='line_1_28' title="bbox 175 2457 1231 2521; baseline 0 -11"><span class='ocrx_word' id='word_1_255' title='bbox 175 2461 245 2510; x_wconf 71' lang='grc' dir='ltr'>ιον.</span> <span class='ocrx_word' id='word_1_256' title='bbox 263 2462 347 2521; x_wconf 79' lang='lat' dir='ltr'><strong>Bong.</strong></span> <span class='ocrx_word' id='word_1_257' title='bbox 364 2458 396 2509; x_wconf 83' lang='lat'><strong>0.</strong></span> <span class='ocrx_word' id='word_1_258' title='bbox 415 2458 474 2508; x_wconf 81' lang='lat' dir='ltr'><strong>Pul.</strong></span> <span class='ocrx_word' id='word_1_259' title='bbox 496 2457 576 2508; x_wconf 85' lang='lat' dir='ltr'><strong>carr.</strong></span> <span class='ocrx_word' id='word_1_260' title='bbox 594 2458 653 2507; x_wconf 89' lang='lat' dir='ltr'><strong>cod.</strong></span> <span class='ocrx_word' id='word_1_261' title='bbox 672 2459 750 2509; x_wconf 68' lang='lat' dir='ltr'><strong>durr.</strong></span> <span class='ocrx_word' id='word_1_262' title='bbox 768 2459 832 2512; x_wconf 86' lang='lat' dir='ltr'><strong>Par.</strong></span> <span class='ocrx_word' id='word_1_263' title='bbox 851 2463 886 2512; x_wconf 83' lang='grc' dir='ltr'><strong>Α.</strong></span> <span class='ocrx_word' id='word_1_264' title='bbox 904 2461 953 2511; x_wconf 88' lang='lat' dir='ltr'><strong>Dr.</strong></span> <span class='ocrx_word' id='word_1_265' title='bbox 970 2460 1026 2510; x_wconf 82' lang='lat' dir='ltr'><strong>All·</strong></span> <span class='ocrx_word' id='word_1_266' title='bbox 1050 2460 1131 2511; x_wconf 86' lang='lat' dir='ltr'><strong>Vrat.</strong></span> <span class='ocrx_word' id='word_1_267' title='bbox 1148 2458 1231 2511; x_wconf 78' lang='lat' dir='ltr'><strong>Allc.</strong></span> 
     </span>
     <span class='ocr_line' id='line_1_29' title="bbox 176 2525 1231 2581; baseline 0.001 -3"><span class='ocrx_word' id='word_1_268' title='bbox 176 2530 256 2578; x_wconf 72' lang='lat' dir='ltr'><strong>Goth.</strong></span> <span class='ocrx_word' id='word_1_269' title='bbox 276 2529 305 2579; x_wconf 84' lang='lat' dir='ltr'><strong>B.</strong></span> <span class='ocrx_word' id='word_1_270' title='bbox 325 2526 421 2577; x_wconf 84' lang='lat' dir='ltr'><strong>llamb.</strong></span> <span class='ocrx_word' id='word_1_271' title='bbox 441 2526 526 2581; x_wconf 86' lang='lat' dir='ltr'><strong>Vind.</strong></span> <span class='ocrx_word' id='word_1_272' title='bbox 543 2525 635 2580; x_wconf 73' lang='grc'>01131.</span> <span class='ocrx_word' id='word_1_273' title='bbox 654 2528 713 2578; x_wconf 88' lang='lat' dir='ltr'><strong>edd.</strong></span> <span class='ocrx_word' id='word_1_274' title='bbox 735 2528 911 2580; x_wconf 75' lang='lat' dir='ltr'><strong>enectine.</strong></span> <span class='ocrx_word' id='word_1_275' title='bbox 932 2529 965 2579; x_wconf 87' lang='lat' dir='ltr'><strong>P.</strong></span> <span class='ocrx_word' id='word_1_276' title='bbox 985 2532 1059 2579; x_wconf 83' lang='lat' dir='ltr'><strong>Men.</strong></span> <span class='ocrx_word' id='word_1_277' title='bbox 1095 2528 1128 2578; x_wconf 93' lang='lat' dir='ltr'><strong>ld</strong></span> <span class='ocrx_word' id='word_1_278' title='bbox 1145 2528 1231 2579; x_wconf 75' lang='lat' dir='ltr'><strong>ammi</strong></span> 
     </span>
     <span class='ocr_line' id='line_1_30' title="bbox 175 2594 1229 2661; baseline 0.002 -14"><span class='ocrx_word' id='word_1_279' title='bbox 175 2597 298 2647; x_wconf 87' lang='lat' dir='ltr'><strong>commoti</strong></span> <span class='ocrx_word' id='word_1_280' title='bbox 316 2600 377 2659; x_wconf 87' lang='lat' dir='ltr'><strong>est,</strong></span> <span class='ocrx_word' id='word_1_281' title='bbox 395 2594 470 2658; x_wconf 82' lang='lat' dir='ltr'><strong>quali</strong></span> <span class='ocrx_word' id='word_1_282' title='bbox 485 2594 585 2645; x_wconf 76' lang='lat' dir='ltr'><strong>(licere</strong></span> <span class='ocrx_word' id='word_1_283' title='bbox 601 2597 694 2646; x_wconf 79' lang='lat' dir='ltr'><strong>Attico</strong></span> <span class='ocrx_word' id='word_1_284' title='bbox 712 2600 738 2661; x_wconf 91' lang='lat'><strong>1,</strong></span> <span class='ocrx_word' id='word_1_285' title='bbox 757 2598 792 2647; x_wconf 82' lang='grc'>16</span> <span class='ocrx_word' id='word_1_286' title='bbox 809 2597 836 2658; x_wconf 89' lang='grc'>3.</span> <span class='ocrx_word' id='word_1_287' title='bbox 853 2601 871 2648; x_wconf 87' lang='grc'>9</span> <span class='ocrx_word' id='word_1_288' title='bbox 890 2598 1022 2650; x_wconf 86' lang='lat' dir='ltr'><strong>orationis</strong></span> <span class='ocrx_word' id='word_1_289' title='bbox 1041 2609 1109 2647; x_wconf 87' lang='lat' dir='ltr'><strong>suae</strong></span> <span class='ocrx_word' id='word_1_290' title='bbox 1121 2594 1151 2649; x_wconf 88' lang='lat' dir='ltr'><strong>iu</strong></span> <span class='ocrx_word' id='word_1_291' title='bbox 1162 2598 1229 2649; x_wconf 79' lang='lat' dir='ltr'><strong>cle·</strong></span> 
     </span>
     <span class='ocr_line' id='line_1_31' title="bbox 173 2663 1242 2729; baseline 0.001 -13"><span class='ocrx_word' id='word_1_292' title='bbox 173 2666 246 2716; x_wconf 91' lang='lat' dir='ltr'><strong>dium</strong></span> <span class='ocrx_word' id='word_1_293' title='bbox 270 2666 380 2729; x_wconf 76' lang='lat' dir='ltr'><strong>pubicae</strong></span> <span class='ocrx_word' id='word_1_294' title='bbox 399 2664 507 2715; x_wconf 92' lang='lat' dir='ltr'><strong>initium</strong></span> <span class='ocrx_word' id='word_1_295' title='bbox 526 2663 637 2715; x_wconf 88' lang='lat' dir='ltr'><strong>scriblt:</strong></span> <span class='ocrx_word' id='word_1_296' title='bbox 669 2666 716 2717; x_wconf 81' lang='lat' dir='ltr'><strong>itte</strong></span> <span class='ocrx_word' id='word_1_297' title='bbox 735 2668 814 2718; x_wconf 86' lang='lat' dir='ltr'><strong>tecue</strong></span> <span class='ocrx_word' id='word_1_298' title='bbox 833 2668 969 2718; x_wconf 85' lang='lat' dir='ltr'><strong>inductus</strong></span> <span class='ocrx_word' id='word_1_299' title='bbox 989 2682 1007 2718; x_wconf 91' lang='lat' dir='ltr'><strong>a</strong></span> <span class='ocrx_word' id='word_1_300' title='bbox 1026 2679 1070 2719; x_wconf 87' lang='lat' dir='ltr'><strong>me</strong></span> <span class='ocrx_word' id='word_1_301' title='bbox 1089 2666 1135 2719; x_wconf 79' lang='lat' dir='ltr'><strong>eet</strong></span> <span class='ocrx_word' id='word_1_302' title='bbox 1150 2667 1242 2729; x_wconf 58' lang='lat' dir='ltr'><strong>diue,</strong></span> 
     </span>
     <span class='ocr_line' id='line_1_32' title="bbox 172 2736 1229 2803; baseline 0.003 -17"><span class='ocrx_word' id='word_1_303' title='bbox 172 2738 270 2786; x_wconf 74' lang='lat' dir='ltr'><strong>nitus:</strong></span> <span class='ocrx_word' id='word_1_304' title='bbox 294 2748 331 2785; x_wconf 85' lang='lat' dir='ltr'><strong>ue</strong></span> <span class='ocrx_word' id='word_1_305' title='bbox 346 2748 406 2785; x_wconf 86' lang='lat' dir='ltr'><strong>una</strong></span> <span class='ocrx_word' id='word_1_306' title='bbox 421 2736 508 2797; x_wconf 82' lang='lat' dir='ltr'><strong>ptapu</strong></span> <span class='ocrx_word' id='word_1_307' title='bbox 527 2736 648 2797; x_wconf 85' lang='lat' dir='ltr'><strong>accepta</strong></span> <span class='ocrx_word' id='word_1_308' title='bbox 664 2739 767 2799; x_wconf 77' lang='lat' dir='ltr'><strong>patrea</strong></span> <span class='ocrx_word' id='word_1_309' title='bbox 786 2736 945 2801; x_wconf 82' lang='lat' dir='ltr'><strong>conscripti</strong></span> <span class='ocrx_word' id='word_1_310' title='bbox 965 2736 1173 2803; x_wconf 77' lang='lat' dir='ltr'><strong>conciderent,</strong></span> <span class='ocrx_word' id='word_1_311' title='bbox 1190 2748 1229 2789; x_wconf 80' lang='lat' dir='ltr'><strong>ne</strong></span> 
     </span>
     <span class='ocr_line' id='line_1_33' title="bbox 172 2802 1228 2873; baseline 0 -16"><span class='ocrx_word' id='word_1_312' title='bbox 172 2802 332 2868; x_wconf 76' lang='lat' dir='ltr'><strong>deficerent</strong></span> <span class='ocrx_word' id='word_1_313' title='bbox 350 2828 395 2852; x_wconf 91' lang='grc'><strong>-.</strong></span> <span class='ocrx_word' id='word_1_314' title='bbox 429 2802 633 2867; x_wconf 82' lang='lat' dir='ltr'><strong>Quamobrem,</strong></span> <span class='ocrx_word' id='word_1_315' title='bbox 665 2809 769 2867; x_wconf 87' lang='lat' dir='ltr'><strong>patres</strong></span> <span class='ocrx_word' id='word_1_316' title='bbox 786 2805 960 2870; x_wconf 77' lang='lat' dir='ltr'><strong>conscripti,</strong></span> <span class='ocrx_word' id='word_1_317' title='bbox 978 2807 1086 2871; x_wconf 74' lang='lat' dir='ltr'><strong>eripite</strong></span> <span class='ocrx_word' id='word_1_318' title='bbox 1103 2806 1228 2873; x_wconf 82' lang='lat' dir='ltr'><strong>animoa,</strong></span> 
     </span>
     <span class='ocr_line' id='line_1_34' title="bbox 171 2872 1228 2940; baseline 0.002 -16"><span class='ocrx_word' id='word_1_319' title='bbox 171 2874 299 2924; x_wconf 88' lang='lat' dir='ltr'><strong>retiuete</strong></span> <span class='ocrx_word' id='word_1_320' title='bbox 316 2874 447 2923; x_wconf 85' lang='lat' dir='ltr'><strong>uestram</strong></span> <span class='ocrx_word' id='word_1_321' title='bbox 464 2872 633 2934; x_wconf 81' lang='lat' dir='ltr'><strong>dipaitutern</strong></span> <span class='ocrx_word' id='word_1_322' title='bbox 650 2878 704 2932; x_wconf 78' lang='lat' dir='ltr'><strong>etc.</strong></span> <span class='ocrx_word' id='word_1_323' title='bbox 740 2874 855 2927; x_wconf 81' lang='lat' dir='ltr'><strong>caesuri</strong></span> <span class='ocrx_word' id='word_1_324' title='bbox 874 2888 939 2925; x_wconf 90' lang='lat' dir='ltr'><strong>vero</strong></span> <span class='ocrx_word' id='word_1_325' title='bbox 957 2887 1007 2925; x_wconf 91' lang='lat' dir='ltr'><strong>suo</strong></span> <span class='ocrx_word' id='word_1_326' title='bbox 1020 2875 1128 2927; x_wconf 86' lang='lat' dir='ltr'><strong>nomine</strong></span> <span class='ocrx_word' id='word_1_327' title='bbox 1141 2888 1228 2940; x_wconf 77' lang='lat' dir='ltr'><strong>argu-</strong></span> 
     </span>
     <span class='ocr_line' id='line_1_35' title="bbox 170 2940 1229 3008; baseline 0 -14"><span class='ocrx_word' id='word_1_328' title='bbox 170 2952 289 2994; x_wconf 84' lang='lat' dir='ltr'><strong>mentum</strong></span> <span class='ocrx_word' id='word_1_329' title='bbox 307 2940 438 2994; x_wconf 88' lang='lat' dir='ltr'><strong>eratlcuis</strong></span> <span class='ocrx_word' id='word_1_330' title='bbox 453 2953 472 2990; x_wconf 83' lang='lat' dir='ltr'><strong>a</strong></span> <span class='ocrx_word' id='word_1_331' title='bbox 485 2942 711 3008; x_wconf 80' lang='lat' dir='ltr'><strong>Vercingetorige</strong></span> <span class='ocrx_word' id='word_1_332' title='bbox 725 2946 832 2997; x_wconf 77' lang='lat' dir='ltr'><strong>babinae</strong></span> <span class='ocrx_word' id='word_1_333' title='bbox 849 2944 1008 3007; x_wconf 78' lang='lat' dir='ltr'><strong>proponenti</strong></span> <span class='ocrx_word' id='word_1_334' title='bbox 1020 2945 1111 2995; x_wconf 86' lang='lat' dir='ltr'><strong>miuus</strong></span> <span class='ocrx_word' id='word_1_335' title='bbox 1123 2957 1229 2997; x_wconf 87' lang='lat' dir='ltr'><strong>couve-</strong></span> 
     </span>
     <span class='ocr_line' id='line_1_36' title="bbox 170 3009 1228 3083; baseline 0 -20"><span class='ocrx_word' id='word_1_336' title='bbox 170 3013 212 3063; x_wconf 88' lang='lat' dir='ltr'><strong>nit</strong></span> <span class='ocrx_word' id='word_1_337' title='bbox 229 3025 281 3063; x_wconf 89' lang='lat' dir='ltr'><strong>nec</strong></span> <span class='ocrx_word' id='word_1_338' title='bbox 298 3011 365 3061; x_wconf 86' lang='lat' dir='ltr'><strong>nibil</strong></span> <span class='ocrx_word' id='word_1_339' title='bbox 383 3010 569 3073; x_wconf 85' lang='lat' dir='ltr'><strong>umblguitatls</strong></span> <span class='ocrx_word' id='word_1_340' title='bbox 587 3012 679 3064; x_wconf 81' lang='lat' dir='ltr'><strong>hebet.</strong></span> <span class='ocrx_word' id='word_1_341' title='bbox 712 3009 810 3077; x_wconf 87' lang='lat' dir='ltr'><strong>Itaque</strong></span> <span class='ocrx_word' id='word_1_342' title='bbox 829 3027 916 3077; x_wconf 89' lang='lat' dir='ltr'><strong>neue,</strong></span> <span class='ocrx_word' id='word_1_343' title='bbox 934 3016 1004 3076; x_wconf 83' lang='lat' dir='ltr'><strong>quod</strong></span> <span class='ocrx_word' id='word_1_344' title='bbox 1021 3016 1049 3065; x_wconf 88' lang='grc'><strong>13</strong></span> <span class='ocrx_word' id='word_1_345' title='bbox 1068 3014 1158 3064; x_wconf 82' lang='lat' dir='ltr'><strong>altero</strong></span> <span class='ocrx_word' id='word_1_346' title='bbox 1175 3026 1228 3083; x_wconf 78' lang='lat' dir='ltr'><strong>ge-</strong></span> 
     </span>
     <span class='ocr_line' id='line_1_37' title="bbox 169 3078 1228 3148; baseline -0.001 -15"><span class='ocrx_word' id='word_1_347' title='bbox 169 3094 236 3133; x_wconf 90' lang='lat' dir='ltr'><strong>nere</strong></span> <span class='ocrx_word' id='word_1_348' title='bbox 254 3081 376 3132; x_wconf 92' lang='lat' dir='ltr'><strong>codicum</strong></span> <span class='ocrx_word' id='word_1_349' title='bbox 394 3082 436 3143; x_wconf 90' lang='lat' dir='ltr'><strong>et,</strong></span> <span class='ocrx_word' id='word_1_350' title='bbox 463 3078 487 3129; x_wconf 91' lang='lat' dir='ltr'><strong>si</strong></span> <span class='ocrx_word' id='word_1_351' title='bbox 504 3080 644 3130; x_wconf 77' lang='lat' dir='ltr'><strong>Plbsclrkii</strong></span> <span class='ocrx_word' id='word_1_352' title='bbox 662 3081 799 3133; x_wconf 88' lang='lat' dir='ltr'><strong>silentium</strong></span> <span class='ocrx_word' id='word_1_353' title='bbox 817 3095 869 3131; x_wconf 92' lang='lat' dir='ltr'><strong>non</strong></span> <span class='ocrx_word' id='word_1_354' title='bbox 888 3085 976 3148; x_wconf 82' lang='lat' dir='ltr'><strong>felliu,</strong></span> <span class='ocrx_word' id='word_1_355' title='bbox 994 3084 1078 3133; x_wconf 86' lang='lat' dir='ltr'><strong>etiam</strong></span> <span class='ocrx_word' id='word_1_356' title='bbox 1095 3083 1124 3133; x_wconf 91' lang='lat' dir='ltr'><strong>in</strong></span> <span class='ocrx_word' id='word_1_357' title='bbox 1140 3084 1228 3147; x_wconf 78' lang='lat' dir='ltr'><strong>llong.</strong></span> 
     </span>
     <span class='ocr_line' id='line_1_38' title="bbox 169 3142 1228 3217; baseline 0.003 -15"><span class='ocrx_word' id='word_1_358' title='bbox 169 3156 204 3202; x_wconf 76' lang='lat' dir='ltr'><strong>A.</strong></span> <span class='ocrx_word' id='word_1_359' title='bbox 223 3151 334 3214; x_wconf 80' lang='lat' dir='ltr'><strong>legitur,</strong></span> <span class='ocrx_word' id='word_1_360' title='bbox 355 3148 437 3199; x_wconf 90' lang='lat' dir='ltr'><strong>tenui.</strong></span> <span class='ocrx_word' id='word_1_361' title='bbox 472 3149 516 3200; x_wconf 84' lang='lat' dir='ltr'><strong>cf.</strong></span> <span class='ocrx_word' id='word_1_362' title='bbox 534 3150 569 3214; x_wconf 84' lang='lat'><strong>2,</strong></span> <span class='ocrx_word' id='word_1_363' title='bbox 587 3151 620 3199; x_wconf 88' lang='grc'><strong>21</strong></span> <span class='ocrx_word' id='word_1_364' title='bbox 639 3142 665 3211; x_wconf 92' lang='lat'><strong>§.</strong></span> <span class='ocrx_word' id='word_1_365' title='bbox 687 3153 721 3211; x_wconf 67' lang='lat'><strong>²3</strong></span> <span class='ocrx_word' id='word_1_366' title='bbox 745 3153 850 3203; x_wconf 84' lang='lat' dir='ltr'><strong>militer</strong></span> <span class='ocrx_word' id='word_1_367' title='bbox 866 3165 924 3202; x_wconf 86' lang='lat' dir='ltr'><strong>non</strong></span> <span class='ocrx_word' id='word_1_368' title='bbox 941 3153 1073 3217; x_wconf 76' lang='lat' dir='ltr'><strong>turpiore</strong></span> <span class='ocrx_word' id='word_1_369' title='bbox 1090 3154 1228 3205; x_wconf 78' lang='lat' dir='ltr'><strong>cratem</strong></span> 
     </span>
     <span class='ocr_line' id='line_1_39' title="bbox 169 3216 1229 3285; baseline 0.002 -14"><span class='ocrx_word' id='word_1_370' title='bbox 169 3220 358 3285; x_wconf 74' lang='lat' dir='ltr'><strong>cohortatur,</strong></span> <span class='ocrx_word' id='word_1_371' title='bbox 377 3229 462 3285; x_wconf 75' lang='lat' dir='ltr'><strong>quum</strong></span> <span class='ocrx_word' id='word_1_372' title='bbox 479 3216 525 3268; x_wconf 88' lang='lat' dir='ltr'><strong>uti</strong></span> <span class='ocrx_word' id='word_1_373' title='bbox 541 3231 611 3270; x_wconf 85' lang='lat' dir='ltr'><strong>suae</strong></span> <span class='ocrx_word' id='word_1_374' title='bbox 627 3218 773 3283; x_wconf 81' lang='lat' dir='ltr'><strong>pristinae</strong></span> <span class='ocrx_word' id='word_1_375' title='bbox 791 3221 915 3272; x_wconf 84' lang='lat' dir='ltr'><strong>uirtutis</strong></span> <span class='ocrx_word' id='word_1_376' title='bbox 931 3221 1100 3272; x_wconf 72' lang='lat' dir='ltr'><strong>recentarium</strong></span> <span class='ocrx_word' id='word_1_377' title='bbox 1114 3222 1229 3273; x_wconf 86' lang='lat' dir='ltr'><strong>retine-</strong></span> 
     </span>
     <span class='ocr_line' id='line_1_40' title="bbox 168 3287 1228 3359; baseline 0.003 -17"><span class='ocrx_word' id='word_1_378' title='bbox 168 3291 239 3342; x_wconf 86' lang='lat' dir='ltr'><strong>reat</strong></span> <span class='ocrx_word' id='word_1_379' title='bbox 262 3303 320 3343; x_wconf 88' lang='lat' dir='ltr'><strong>neu</strong></span> <span class='ocrx_word' id='word_1_380' title='bbox 342 3287 594 3354; x_wconf 82' lang='lat' dir='ltr'><strong>perturbarentur</strong></span> <span class='ocrx_word' id='word_1_381' title='bbox 618 3291 713 3341; x_wconf 86' lang='lat' dir='ltr'><strong>auimo</strong></span> <span class='ocrx_word' id='word_1_382' title='bbox 737 3290 918 3356; x_wconf 72' lang='lat' dir='ltr'><strong>tertiatoque</strong></span> <span class='ocrx_word' id='word_1_383' title='bbox 941 3292 1080 3359; x_wconf 79' lang='lat' dir='ltr'><strong>trapetum</strong></span> <span class='ocrx_word' id='word_1_384' title='bbox 1097 3291 1228 3359; x_wconf 71' lang='lat' dir='ltr'><strong>fortiter</strong></span> 
     </span>
    </p>
   </div>
   <div class='ocr_carea' id='block_1_4' title="bbox 117 3459 1228 4223">
    <p class='ocr_par' dir='ltr' id='par_1_4' title="bbox 117 3459 1228 4223">
     <span class='ocr_line' id='line_1_41' title="bbox 184 3459 1227 3527; baseline 0.005 -15"><span class='ocrx_word' id='word_1_385' title='bbox 184 3474 254 3525; x_wconf 82' lang='lat' dir='ltr'><strong>quae</strong></span> <span class='ocrx_word' id='word_1_386' title='bbox 272 3461 372 3526; x_wconf 84' lang='lat' dir='ltr'><strong>cuique</strong></span> <span class='ocrx_word' id='word_1_387' title='bbox 393 3460 505 3511; x_wconf 86' lang='lat' dir='ltr'><strong>civitati</strong></span> <span class='ocrx_word' id='word_1_388' title='bbox 522 3472 589 3524; x_wconf 84' lang='lat' dir='ltr'><strong>pars</strong></span> <span class='ocrx_word' id='word_1_389' title='bbox 607 3472 659 3511; x_wconf 82' lang='lat' dir='ltr'><strong>ou-</strong></span> <span class='ocrx_word' id='word_1_390' title='bbox 701 3464 752 3513; x_wconf 89' lang='lat' dir='ltr'><strong>bus</strong></span> <span class='ocrx_word' id='word_1_391' title='bbox 783 3459 912 3527; x_wconf 80' lang='lat' dir='ltr'><strong>siugulae</strong></span> <span class='ocrx_word' id='word_1_392' title='bbox 944 3464 1038 3525; x_wconf 77' lang='lat' dir='ltr'><strong>partes</strong></span> <span class='ocrx_word' id='word_1_393' title='bbox 1068 3466 1227 3517; x_wconf 64' lang='lat' dir='ltr'><strong>unitorum</strong></span> 
     </span>
     <span class='ocr_line' id='line_1_42' title="bbox 131 3529 1228 3598; baseline 0.003 -14"><span class='ocrx_word' id='word_1_394' title='bbox 131 3535 254 3584; x_wconf 88' lang='lat' dir='ltr'><strong>strorum</strong></span> <span class='ocrx_word' id='word_1_395' title='bbox 271 3534 305 3583; x_wconf 89' lang='lat' dir='ltr'><strong>ab</strong></span> <span class='ocrx_word' id='word_1_396' title='bbox 318 3529 399 3581; x_wconf 91' lang='lat' dir='ltr'><strong>initio</strong></span> <span class='ocrx_word' id='word_1_397' title='bbox 414 3532 581 3589; x_wconf 85' lang='lat' dir='ltr'><strong>obvenerat]</strong></span> <span class='ocrx_word' id='word_1_398' title='bbox 600 3532 659 3580; x_wconf 80' lang='lat' dir='ltr'><strong>lie-</strong></span> <span class='ocrx_word' id='word_1_399' title='bbox 700 3532 849 3582; x_wconf 86' lang='lat' dir='ltr'><strong>obvenisse</strong></span> <span class='ocrx_word' id='word_1_400' title='bbox 874 3532 1019 3598; x_wconf 88' lang='lat' dir='ltr'><strong>dicautur,</strong></span> <span class='ocrx_word' id='word_1_401' title='bbox 1053 3546 1110 3584; x_wconf 90' lang='lat' dir='ltr'><strong>nou</strong></span> <span class='ocrx_word' id='word_1_402' title='bbox 1128 3537 1228 3587; x_wconf 86' lang='lat' dir='ltr'><strong>borum</strong></span> 
     </span>
     <span class='ocr_line' id='line_1_43' title="bbox 131 3601 1228 3671; baseline 0.002 -18"><span class='ocrx_word' id='word_1_403' title='bbox 131 3606 176 3653; x_wconf 90' lang='lat' dir='ltr'><strong>cte</strong></span> <span class='ocrx_word' id='word_1_404' title='bbox 182 3601 394 3652; x_wconf 81' lang='lat' dir='ltr'><strong>Baumetarklus</strong></span> <span class='ocrx_word' id='word_1_405' title='bbox 408 3603 461 3651; x_wconf 89' lang='lat' dir='ltr'><strong>boc</strong></span> <span class='ocrx_word' id='word_1_406' title='bbox 473 3601 581 3650; x_wconf 76' lang='lat' dir='ltr'><strong>confert</strong></span> <span class='ocrx_word' id='word_1_407' title='bbox 596 3611 658 3649; x_wconf 90' lang='lat' dir='ltr'><strong>cum</strong></span> <span class='ocrx_word' id='word_1_408' title='bbox 699 3604 806 3652; x_wconf 82' lang='lat' dir='ltr'><strong>tentum</strong></span> <span class='ocrx_word' id='word_1_409' title='bbox 820 3604 988 3671; x_wconf 87' lang='lat' dir='ltr'><strong>castrorum,</strong></span> <span class='ocrx_word' id='word_1_410' title='bbox 999 3604 1033 3654; x_wconf 90' lang='lat' dir='ltr'><strong>de</strong></span> <span class='ocrx_word' id='word_1_411' title='bbox 1046 3605 1228 3667; x_wconf 82' lang='lat' dir='ltr'><strong>quibueidem</strong></span> 
     </span>
     <span class='ocr_line' id='line_1_44' title="bbox 128 3669 1228 3735; baseline 0.001 -13"><span class='ocrx_word' id='word_1_412' title='bbox 128 3669 226 3735; x_wconf 79' lang='grc'>11134,</span> <span class='ocrx_word' id='word_1_413' title='bbox 247 3673 265 3721; x_wconf 77' lang='lat' dir='ltr'><strong>t</strong></span> <span class='ocrx_word' id='word_1_414' title='bbox 284 3669 310 3730; x_wconf 81' lang='grc'>3.</span> <span class='ocrx_word' id='word_1_415' title='bbox 329 3675 362 3721; x_wconf 80' lang='lat'><strong>2:</strong></span> <span class='ocrx_word' id='word_1_416' title='bbox 379 3671 419 3721; x_wconf 86' lang='lat' dir='ltr'><strong>ud</strong></span> <span class='ocrx_word' id='word_1_417' title='bbox 436 3669 569 3721; x_wconf 74' lang='lat' dir='ltr'><strong>Rhenum</strong></span> <span class='ocrx_word' id='word_1_418' title='bbox 587 3680 658 3731; x_wconf 90' lang='lat' dir='ltr'><strong>per-</strong></span> <span class='ocrx_word' id='word_1_419' title='bbox 699 3684 724 3722; x_wconf 86' lang='lat' dir='ltr'><strong>c.</strong></span> <span class='ocrx_word' id='word_1_420' title='bbox 743 3673 777 3720; x_wconf 83' lang='lat' dir='ltr'><strong>te</strong></span> <span class='ocrx_word' id='word_1_421' title='bbox 794 3671 821 3732; x_wconf 91' lang='grc'>3.</span> <span class='ocrx_word' id='word_1_422' title='bbox 838 3674 856 3721; x_wconf 87' lang='grc'><strong>2</strong></span> <span class='ocrx_word' id='word_1_423' title='bbox 874 3673 1091 3724; x_wconf 83' lang='lat' dir='ltr'><strong>demonstratum</strong></span> <span class='ocrx_word' id='word_1_424' title='bbox 1105 3675 1158 3735; x_wconf 87' lang='lat' dir='ltr'><strong>est,</strong></span> <span class='ocrx_word' id='word_1_425' title='bbox 1177 3674 1228 3723; x_wconf 82' lang='lat' dir='ltr'><strong>aed</strong></span> 
     </span>
     <span class='ocr_line' id='line_1_45' title="bbox 117 3736 1227 3806; baseline 0.002 -14"><span class='ocrx_word' id='word_1_426' title='bbox 117 3736 293 3797; x_wconf 76' lang='lat' dir='ltr'><strong>&#39;veneruat5</strong></span> <span class='ocrx_word' id='word_1_427' title='bbox 313 3752 384 3803; x_wconf 82' lang='lat' dir='ltr'><strong>quaa</strong></span> <span class='ocrx_word' id='word_1_428' title='bbox 402 3741 534 3805; x_wconf 79' lang='lat' dir='ltr'><strong>repiones</strong></span> <span class='ocrx_word' id='word_1_429' title='bbox 551 3740 656 3789; x_wconf 88' lang='lat' dir='ltr'><strong>Mena·</strong></span> <span class='ocrx_word' id='word_1_430' title='bbox 700 3741 796 3791; x_wconf 87' lang='lat' dir='ltr'><strong>etiam-</strong></span> <span class='ocrx_word' id='word_1_431' title='bbox 815 3741 946 3806; x_wconf 90' lang='lat' dir='ltr'><strong>illorum,</strong></span> <span class='ocrx_word' id='word_1_432' title='bbox 979 3754 1095 3805; x_wconf 81' lang='lat' dir='ltr'><strong>quoram</strong></span> <span class='ocrx_word' id='word_1_433' title='bbox 1120 3742 1227 3795; x_wconf 90' lang='lat' dir='ltr'><strong>mentio</strong></span> 
     </span>
     <span class='ocr_line' id='line_1_46' title="bbox 128 3809 1227 3876; baseline 0.005 -18"><span class='ocrx_word' id='word_1_434' title='bbox 128 3809 172 3875; x_wconf 84' lang='lat' dir='ltr'><strong>pti</strong></span> <span class='ocrx_word' id='word_1_435' title='bbox 185 3809 347 3859; x_wconf 82' lang='lat' dir='ltr'><strong>incolebant</strong></span> <span class='ocrx_word' id='word_1_436' title='bbox 355 3811 408 3859; x_wconf 90' lang='lat' dir='ltr'><strong>etc.</strong></span> <span class='ocrx_word' id='word_1_437' title='bbox 425 3811 497 3871; x_wconf 85' lang='lat' dir='ltr'><strong>quod</strong></span> <span class='ocrx_word' id='word_1_438' title='bbox 507 3809 656 3872; x_wconf 86' lang='lat' dir='ltr'><strong>parimodo</strong></span> <span class='ocrx_word' id='word_1_439' title='bbox 698 3813 776 3862; x_wconf 77' lang='lat' dir='ltr'><strong>teate</strong></span> <span class='ocrx_word' id='word_1_440' title='bbox 795 3814 841 3862; x_wconf 88' lang='lat' dir='ltr'><strong>est</strong></span> <span class='ocrx_word' id='word_1_441' title='bbox 860 3824 884 3860; x_wconf 90' lang='lat' dir='ltr'><strong>c.</strong></span> <span class='ocrx_word' id='word_1_442' title='bbox 902 3813 936 3860; x_wconf 84' lang='lat'><strong>16</strong></span> <span class='ocrx_word' id='word_1_443' title='bbox 954 3809 981 3870; x_wconf 89' lang='grc'><strong>3.</strong></span> <span class='ocrx_word' id='word_1_444' title='bbox 1001 3815 1032 3876; x_wconf 86' lang='grc'>1,</span> <span class='ocrx_word' id='word_1_445' title='bbox 1058 3814 1087 3862; x_wconf 91' lang='lat' dir='ltr'><strong>et</strong></span> <span class='ocrx_word' id='word_1_446' title='bbox 1105 3811 1227 3863; x_wconf 86' lang='lat' dir='ltr'><strong>amulum</strong></span> 
     </span>
     <span class='ocr_line' id='line_1_47' title="bbox 129 3878 1226 3948; baseline 0.001 -18"><span class='ocrx_word' id='word_1_447' title='bbox 129 3879 295 3940; x_wconf 80' lang='lat' dir='ltr'><strong>explendem</strong></span> <span class='ocrx_word' id='word_1_448' title='bbox 305 3879 468 3928; x_wconf 87' lang='lat' dir='ltr'><strong>brevitatem</strong></span> <span class='ocrx_word' id='word_1_449' title='bbox 475 3881 565 3930; x_wconf 85' lang='lat' dir='ltr'><strong>hebet.</strong></span> <span class='ocrx_word' id='word_1_450' title='bbox 594 3878 656 3928; x_wconf 80' lang='lat' dir='ltr'><strong>Ali·</strong></span> <span class='ocrx_word' id='word_1_451' title='bbox 698 3881 819 3948; x_wconf 86' lang='lat' dir='ltr'><strong>omuino,</strong></span> <span class='ocrx_word' id='word_1_452' title='bbox 837 3892 907 3944; x_wconf 80' lang='lat' dir='ltr'><strong>quae</strong></span> <span class='ocrx_word' id='word_1_453' title='bbox 924 3882 952 3930; x_wconf 90' lang='lat' dir='ltr'><strong>in</strong></span> <span class='ocrx_word' id='word_1_454' title='bbox 968 3884 1020 3931; x_wconf 80' lang='lat' dir='ltr'><strong>lroc</strong></span> <span class='ocrx_word' id='word_1_455' title='bbox 1034 3882 1108 3933; x_wconf 90' lang='lat' dir='ltr'><strong>bello</strong></span> <span class='ocrx_word' id='word_1_456' title='bbox 1121 3884 1226 3933; x_wconf 72' lang='lat' dir='ltr'><strong>babue-</strong></span> 
     </span>
     <span class='ocr_line' id='line_1_48' title="bbox 129 3947 1226 4016; baseline 0.002 -17"><span class='ocrx_word' id='word_1_457' title='bbox 129 3951 176 4000; x_wconf 87' lang='lat' dir='ltr'><strong>ter</strong></span> <span class='ocrx_word' id='word_1_458' title='bbox 194 3947 348 4009; x_wconf 86' lang='lat' dir='ltr'><strong>comparati</strong></span> <span class='ocrx_word' id='word_1_459' title='bbox 372 3951 437 3997; x_wconf 87' lang='lat' dir='ltr'><strong>eunt</strong></span> <span class='ocrx_word' id='word_1_460' title='bbox 457 3949 513 3998; x_wconf 93' lang='lat' dir='ltr'><strong>loci</strong></span> <span class='ocrx_word' id='word_1_461' title='bbox 531 3960 549 3998; x_wconf 84' lang='lat' dir='ltr'><strong>a</strong></span> <span class='ocrx_word' id='word_1_462' title='bbox 568 3949 654 3996; x_wconf 77' lang='lat' dir='ltr'><strong>Zum-</strong></span> <span class='ocrx_word' id='word_1_463' title='bbox 697 3953 742 4000; x_wconf 85' lang='lat' dir='ltr'><strong>rat</strong></span> <span class='ocrx_word' id='word_1_464' title='bbox 757 3951 982 4016; x_wconf 81' lang='lat' dir='ltr'><strong>Vercingetorix,</strong></span> <span class='ocrx_word' id='word_1_465' title='bbox 1001 3950 1121 4001; x_wconf 83' lang='lat' dir='ltr'><strong>similem</strong></span> <span class='ocrx_word' id='word_1_466' title='bbox 1133 3952 1226 4003; x_wconf 86' lang='lat' dir='ltr'><strong>retio-</strong></span> 
     </span>
     <span class='ocr_line' id='line_1_49' title="bbox 126 4017 1225 4082; baseline 0.007 -15"><span class='ocrx_word' id='word_1_467' title='bbox 126 4017 315 4082; x_wconf 78' lang='lat' dir='ltr'><strong>ptioGrcrnm.</strong></span> <span class='ocrx_word' id='word_1_468' title='bbox 328 4017 355 4077; x_wconf 83' lang='grc'>3.</span> <span class='ocrx_word' id='word_1_469' title='bbox 365 4017 419 4068; x_wconf 82' lang='lat'><strong>705</strong></span> <span class='ocrx_word' id='word_1_470' title='bbox 433 4017 558 4081; x_wconf 89' lang='lat' dir='ltr'><strong>exhibiti,</strong></span> <span class='ocrx_word' id='word_1_471' title='bbox 574 4029 654 4078; x_wconf 88' lang='lat' dir='ltr'><strong>quem</strong></span> <span class='ocrx_word' id='word_1_472' title='bbox 696 4032 760 4069; x_wconf 89' lang='lat' dir='ltr'><strong>uem</strong></span> <span class='ocrx_word' id='word_1_473' title='bbox 776 4031 810 4071; x_wconf 81' lang='lat' dir='ltr'><strong>ac</strong></span> <span class='ocrx_word' id='word_1_474' title='bbox 826 4020 1047 4075; x_wconf 81' lang='lat' dir='ltr'><strong>distributionem</strong></span> <span class='ocrx_word' id='word_1_475' title='bbox 1062 4021 1155 4075; x_wconf 77' lang='lat' dir='ltr'><strong>ronse</strong></span> <span class='ocrx_word' id='word_1_476' title='bbox 1171 4022 1225 4074; x_wconf 80' lang='lat' dir='ltr'><strong>db·</strong></span> 
     </span>
     <span class='ocr_line' id='line_1_50' title="bbox 128 4086 799 4150; baseline -0.001 -13"><span class='ocrx_word' id='word_1_477' title='bbox 128 4091 221 4138; x_wconf 63' lang='lat' dir='ltr'><strong>umen</strong></span> <span class='ocrx_word' id='word_1_478' title='bbox 248 4086 373 4137; x_wconf 87' lang='lat' dir='ltr'><strong>cauierri</strong></span> <span class='ocrx_word' id='word_1_479' title='bbox 394 4088 470 4137; x_wconf 90' lang='lat' dir='ltr'><strong>iubet</strong></span> <span class='ocrx_word' id='word_1_480' title='bbox 488 4086 654 4150; x_wconf 82' lang='lat' dir='ltr'><strong>Seyffertus.</strong></span> <span class='ocrx_word' id='word_1_481' title='bbox 695 4102 799 4141; x_wconf 85' lang='lat' dir='ltr'><strong>eemur.</strong></span> 
     </span>
     <span class='ocr_line' id='line_1_51' title="bbox 127 4155 652 4223; baseline -0.006 -14"><span class='ocrx_word' id='word_1_482' title='bbox 127 4158 206 4220; x_wconf 78' lang='lat' dir='ltr'><strong>Quod</strong></span> <span class='ocrx_word' id='word_1_483' title='bbox 231 4156 266 4210; x_wconf 83' lang='lat' dir='ltr'><strong>ab</strong></span> <span class='ocrx_word' id='word_1_484' title='bbox 285 4155 371 4209; x_wconf 84' lang='lat' dir='ltr'><strong>initia</strong></span> <span class='ocrx_word' id='word_1_485' title='bbox 385 4156 507 4223; x_wconf 76' lang='lat' dir='ltr'><strong>singulis</strong></span> <span class='ocrx_word' id='word_1_486' title='bbox 526 4156 652 4209; x_wconf 84' lang='lat' dir='ltr'><strong>civitati·</strong></span> 
     </span>
    </p>
   </div>
   <div class='ocr_carea' id='block_1_5' title="bbox 0 0 1354 4726">
    <p class='ocr_par' dir='ltr' id='par_1_5' title="bbox 0 0 1354 4726">
     <span class='ocr_line' id='line_1_52' title="bbox 0 0 1354 4726; baseline 0 5"><span class='ocrx_word' id='word_1_487' title='bbox 0 0 1354 4726; x_wconf 95' lang='lat' dir='ltr'><strong> </strong></span> 
     </span>
    </p>
   </div>
  </div>
 </body>
</html>
