2700 4726
420 296 630 370 annun.
673 296 862 404 chrm
1112 306 1180 377 43,

86 493 186 558 stare
223 483 410 575 videretur.
473 483 542 554 His
575 507 675 575 quern
704 486 901 575 longissime
929 499 1070 577 possent
1098 495 1220 584 pro-4

86 574 188 666 gredi
208 574 333 656 iussis,
356 595 431 640 cnm
455 573 522 641 iam
545 595 585 640 ex
609 572 677 641 diei
699 582 850 667 tempore
873 581 1096 646 coniecturam
1120 605 1177 650 ca·

123 785 186 839 Aff-
202 781 250 849 ⁷⁵,
266 779 286 832 ⁴
303 791 418 846 wilere,
435 787 464 832 ei
480 781 552 845 apud
569 778 639 832 alios
657 780 809 844 scriptores
827 779 894 850 alia,
912 795 981 848 qnae
999 787 1176 842 Drakenbor-

121 852 201 907 onius
225 853 260 903 ad
276 851 339 901 Liv.
358 854 392 916 6,
415 852 451 901 32
468 851 494 914 s.
514 850 546 901 11
564 849 691 901 ostendit.
731 850 799 904 cum
817 853 887 902 enim
906 853 1030 918 singulae
1050 860 1175 912 cohortos

119 922 201 975 trinis
217 919 363 984 manipulis
381 927 549 984 constarent,
568 916 597 971 iu
616 919 726 971 totidem
747 923 840 984 partes
858 920 964 972 divisae
977 923 1027 988 ita,
1045 934 1075 976 ut
1088 941 1175 992 quau.

118 994 177 1044 tum
203 990 330 1054 singulae
352 991 477 1041 cohortes
504 985 625 1039 obtinere
645 990 767 1041 solerent
785 990 918 1055 spatium,
951 994 1054 1044 tanturn
1069 996 1175 1051 laxati,

119 1060 240 1124 siugulis
264 1057 412 1120 manipulis
436 1058 618 1123 tribueretur,
648 1070 679 1109 re
704 1071 773 1110 vera
797 1068 876 1111 erant
900 1064 1020 1125 carptae
1044 1067 1072 1115 et
1091 1066 1174 1120 triurn

117 1128 268 1183 cohortium
286 1129 375 1178 instar
393 1125 481 1177 videri
499 1129 632 1189 poterant.
666 1124 713 1178 Sic
729 1134 820 1178 antem
837 1129 937 1180 divisis
951 1133 1044 1192 decem
1058 1146 1092 1182 η
1105 1128 1175 1199 qua-

120 1198 250 1264 draginta
269 1197 424 1250 cohortibus
442 1195 559 1262 tiebant,
580 1204 611 1245 ut
628 1208 698 1259 quae
719 1200 846 1259 quattuor
863 1202 958 1250 essent
975 1199 1107 1270 legiones,
1125 1217 1176 1257 οη

118 1281 171 1327 ser
190 1266 358 1333 viderentur,
376 1262 456 1328 idque
475 1264 594 1328 scriptor
611 1264 704 1315 verbis
723 1266 837 1330 carptis
858 1268 1024 1334 qmbusdam
1043 1273 1174 1326 cultum.

119 1336 172 1389 bue
190 1336 346 1401 significare
363 1335 465 1398 potnit,
485 1334 509 1384 si
525 1333 592 1383 nihil
610 1332 662 1383 uisi
679 1338 783 1387 certum
800 1339 932 1401 quenulam
948 1347 1104 1401 carpentum
1121 1354 1175 1394 nu.

118 1419 226 1460 merum
245 1404 334 1465 nisse
357 1404 593 1454 demonstrandum
618 1404 741 1468 putavit,
772 1418 914 1457 numerum
938 1406 1027 1470 ipsum
1050 1397 1175 1464 iudicare

120 1474 288 1540 supersedit.
334 1472 363 1523 si
392 1484 531 1523 numerum
557 1482 662 1536 quoqne
677 1484 802 1536 ‘eumque
825 1475 966 1529 denarium
988 1479 1175 1533 demonstrare

118 1545 227 1610 voluit,
257 1541 324 1594 nihil
342 1544 448 1605 obstat,
483 1552 536 1605 quo
554 1539 642 1591 minus
659 1544 774 1607 carptis
791 1545 947 1609 quartis
964 1545 1175 1615 quibusque

119 1613 290 1666 cohortibus
309 1611 457 1673 scripsisse
481 1611 608 1673 putetur,
638 1622 708 1675 quae
726 1612 828 1663 codicis
846 1613 946 1664 Audiui
963 1616 1045 1668 lectio
1063 1625 1116 1684 est,
1145 1618 1176 1670 in

42 1741 49 1750 ,
119 1696 176 1749 qua
195 1679 296 1746 plurali
314 1685 440 1748 cavetur,
456 1693 491 1729 ue
509 1680 677 1746 singularum
690 1680 826 1744 legionum
838 1683 961 1746 singulae
973 1697 1075 1747 eaeque
1090 1698 1174 1749 quar.

118 1762 166 1805 tae
193 1753 319 1803 cohortes
342 1750 432 1801 dictae
459 1749 612 1800 videantur.
647 1748 688 1798 Ac
711 1751 832 1801 fortasse
850 1754 918 1803 haee
934 1752 998 1816 ipsa
1014 1752 1066 1805 luit
1083 1757 1176 1819 Ephe.

117 1822 252 1876 merirum
272 1820 419 1885 scriptura,
440 1829 520 1882 quam
539 1819 707 1879 postmodnm
726 1820 772 1870 vel
788 1828 900 1884 propter
916 1821 1091 1876 insolentiam
1109 1828 1175 1889 plu-

119 1892 192 1945 ralls
213 1890 320 1941 numeri
343 1890 390 1938 vel
415 1888 484 1951 qnod
502 1886 662 1947 ampliorem
680 1887 894 1940 declarationem
910 1891 1080 1958 requireret,
1112 1907 1175 1949 cum

116 1962 188 2027 illa,
221 1971 301 2024 quam
325 1955 583 2010 commentariorum
614 1956 762 2006 lectoribus
794 1957 958 2009 satisfacere
982 1962 1174 2031 arbitraretur,

117 2027 338 2093 commutaverit.
374 2029 443 2077 Nam
457 2022 664 2092 interpolatione
679 2027 726 2074 ant
739 2037 833 2076 errore
845 2040 881 2077 ex
894 2026 1060 2092 quibuisdam
1071 2033 1176 2087 iactum

119 2112 188 2151 esse
206 2098 321 2165 quartis
338 2096 491 2161 quibusque
509 2093 558 2142 vix
572 2101 615 2141 est
627 2094 805 2158 credendum
824 2107 910 2148 causa
922 2105 1021 2164 autem,
1041 2113 1092 2152 cnr
1104 2103 1176 2154 Gae-

119 2181 171 2220 snr
190 2180 244 2219 uon
261 2179 354 2217 onnes
374 2164 489 2228 pariter,
508 2163 555 2212 sed
576 2174 610 2209 ex
628 2162 768 2223 quaternis
785 2163 910 2228 singulos
929 2167 1055 2217 cohortes
1075 2182 1176 2236 carpe.

118 2246 183 2304 ret,
204 2236 273 2288 satis
291 2236 388 2285 idonea
405 2237 483 2294 erat,
512 2231 537 2281 si
553 2239 669 2292 quartae
687 2229 776 2292 partis
794 2229 932 2285 exercitus
951 2235 1128 2296 dispositione
1148 2248 1177 2291 et

118 2306 228 2367 itineris
251 2304 370 2357 faciendi
395 2301 501 2351 ratione
524 2300 655 2349 mutanda
680 2299 755 2349 eidci
777 2305 883 2362 poterat
901 2305 971 2366 quod
987 2306 1114 2372 volebat,
1145 2317 1176 2360 ue

120 2388 252 2429 numerus
266 2373 398 2437 legionum
412 2378 540 2421 constare
554 2368 701 2443 videretur.
736 2367 863 2420 ceterum
874 2373 969 2437 sectis,
982 2375 1053 2437 quoq
1066 2375 1176 2428 onnon,

121 2445 217 2509 dorpio
239 2444 267 2492 in
290 2442 404 2492 mentem
421 2439 515 2504 veuit,
550 2439 585 2488 ad
602 2449 712 2487 sensum
729 2449 782 2489 uon
800 2439 889 2491 uulnus
907 2443 1063 2508 probabile,
1095 2459 1176 2510 quam

122 2513 252 2578 carptis,
271 2512 320 2560 sed
336 2511 372 2574 ei,
395 2509 466 2571 quod
483 2506 592 2557 codices
610 2508 718 2571 hahent,
735 2507 824 2558 minus
841 2518 884 2559 est
901 2509 1007 2561 similer
1033 2513 1129 2565 vossii
1147 2519 1177 2568 οι

120 2583 255 2649 Vigeuerl
273 2588 423 2630 commenta
442 2576 523 2628 irrita
540 2574 608 2626 dunt
625 2588 666 2642 eo,
684 2576 756 2642 quod
774 2590 832 2628 rem
850 2589 868 2630 a
888 2578 1009 2633 (laesere
1023 2580 1175 2637 institutam

119 2665 175 2705 uon
193 2653 228 2702 ad
246 2649 374 2714 reliquas
393 2647 506 2712 copiae,
524 2656 592 2710 quos
611 2644 672 2706 ipse
690 2647 872 2713 demonstrat,
891 2650 941 2700 sed
960 2651 995 2701 ad
1014 2664 1108 2703 omues
1125 2667 1175 2705 ω

118 2721 244 2787 legiones
261 2716 425 2783 pertinuisse
442 2723 552 2778 ponunt.
839 2759 843 2763 ,

88 2794 98 2805 “
157 2788 185 2852 t·
207 2786 227 2839 ⁴
249 2787 385 2852 procreati
417 2781 485 2838 Anu.
510 2783 562 2834 ox.
586 2780 636 2833 cu.
657 2784 685 2834 s.
709 2783 787 2834 nere.
805 2784 839 2834 s.
865 2783 937 2835 nav.
956 2789 988 2836 p,
1007 2788 1105 2848 (vind,
1125 2791 1175 2851 n„

120 2862 201 2913 Rom.
219 2870 245 2909 a.
270 2858 340 2908 bled.
363 2866 381 2905 a
408 2868 466 2916 sqq.
490 2849 637 2917 proticisci
659 2851 741 2903 vind.
761 2857 795 2904 A.
819 2853 921 2919 epreut
944 2857 1044 2921 reliqui
1066 2860 1174 2911 conice,

121 2936 221 2996 (appr.
245 2924 357 2985 Hamb.)
381 2936 441 2972 cnm
465 2923 507 2975 ed.
531 2920 587 2970 inc.
627 2916 658 2968 ld
684 2929 745 2981 post
764 2922 921 2972 Ddbnerum
946 2926 1130 2988 Nipperdequ,
1147 2938 1176 2980 οῦ

121 2997 279 3061 Seyffertns
297 2994 475 3056 receperunt,
498 3002 551 3039 non
570 2992 768 3059 perpendentes
787 2992 830 3041 illi
847 2993 949 3063 epredi
966 3007 1052 3058 qaam
1068 2997 1176 3064 lonqin-

122 3070 195 3122 eime
218 3063 329 3132 proprie
356 3071 513 3125 quemquam
539 3057 592 3107 dici
613 3069 667 3108 non
690 3059 779 3121 magis
795 3062 935 3128 potuisse,
964 3076 1044 3126 quarn
1060 3065 1176 3130 inprobi

122 3148 211 3207 queunt
224 3120 380 3199 proxime,
398 3128 506 3180 adscita
523 3135 613 3178 autem
631 3139 692 3177 cnm
712 3128 840 3180 Ddbnero
859 3129 1014 3182 discedendi
1033 3133 1176 3196 significa.

121 3208 198 3267 tione
216 3203 315 3269 aliquid
333 3199 439 3264 luterni,
458 3198 527 3261 quod
545 3195 597 3261 rei,
614 3198 647 3246 de
667 3209 720 3260 qna
737 3209 827 3248 sermo
843 3206 898 3264 est,
914 3199 1003 3251 minus
1015 3203 1175 3257 conveniat.

121 3275 255 3340 Quamvis
274 3275 355 3335 louge
373 3268 443 3319 enim
461 3266 503 3316 illi
523 3264 659 3317 acastris
679 3264 736 3316 suis
755 3266 955 3335 discederent,
979 3268 1034 3320 nisi
1050 3266 1175 3336 propre.

121 3347 269 3400 detentor
287 3344 315 3391 et
332 3339 496 3402 Gergoviam
514 3348 614 3387 versus
631 3335 686 3386 iter
702 3336 795 3386 iacere
813 3339 977 3403 pergerent,
1008 3341 1119 3389 efficere
1136 3341 1177 3411 id,
1278 3334 1281 3345 “

125 3416 198 3481 qnod
214 3412 320 3465 caesar
337 3410 490 3471 spectabat,
509 3414 539 3469 pt
557 3408 648 3456 hostes
667 3415 748 3468 quant
766 3407 923 3472 longissime
940 3406 976 3456 ab
997 3419 1029 3456 se
1049 3419 1175 3460 remove-

123 3488 186 3550 ret,
210 3495 264 3533 non
281 3485 414 3543 poteraut.
450 3476 543 3539 Neque
561 3486 629 3524 vero
644 3473 806 3538 turpissime
823 3476 998 3538 perlingere
1013 3490 1092 3527 nsum
1109 3479 1177 3532 licet

123 3564 177 3620 rr⁰
199 3548 362 3616 tenpestate
384 3545 498 3611 armine
524 3543 640 3607 poenum
663 3543 788 3605 accipere
812 3552 895 3610 atque
917 3544 959 3594 tta
975 3547 1075 3608 errent
1093 3548 1175 3617 tuen,

123 3633 285 3688 quamquam
299 3628 369 3679 qnae
387 3617 438 3665 Dio
450 3614 565 3665 Cassius
582 3611 626 3669 to.
644 3613 678 3664 35
695 3613 722 3683 §.
740 3614 757 3660 2
774 3613 808 3663 de
824 3614 877 3664 hac
893 3625 923 3662 re
941 3588 1028 3664 Verba
1042 3617 1120 3682 facit,
1138 3619 1175 3670 ab

125 3689 257 3742 eiusmodi
279 3686 505 3745 interpretatione
521 3684 646 3743 proiecta
664 3683 805 3732 videntur:
837 3677 873 3732 rei
888 3677 941 3748 pir
960 3679 1111 3751 σκευοφόρα
1128 3691 1177 3741 καὶ

125 3754 178 3815 τοῦ
192 3752 309 3826 στρατοῦ
324 3749 356 3806 eri
374 3749 469 3804 πλεῖον
482 3751 652 3834 προέπεμψε,
669 3744 781 3819 μακράν
791 3745 956 3820 &susceptum
968 3745 1046 3809 τάξει
1055 3751 1179 3812 κελεύσας

124 3824 224 3884 atreis
242 3821 378 3890 προϊέναι,
399 3813 467 3872 ὥστε
483 3817 531 3872 καὶ
547 3835 653 3873 mames
668 3816 737 3887 σφᾶς
754 3813 879 3871 inette
897 3814 969 3876 sirus
985 3813 1084 3873 δοκεῖν,

159 3893 285 3961 caperet]
315 3895 413 3958 iidem,
439 3887 484 3954 qui
504 3889 662 3955 propudi,
690 3898 718 3937 et
737 3888 819 3939 vind.
837 3890 871 3938 Δ.
892 3891 1021 3951 coeperit
1038 3891 1122 3957 flung.
1142 3895 1178 3947 Α,

123 3967 167 4020 ΡΙ.
186 3964 314 4028 (ceperit
330 3975 386 4014 sec.
406 3960 488 4018 (lud.)
507 3960 625 4021 ceperat
645 3956 745 4020 reliqui
768 3969 828 4007 cum
846 3959 888 4007 ed·
908 3957 962 4008 ino.
996 3959 1056 4012 Hoc
1073 3974 1179 4025 quoquc

124 4037 290 4090 devoratum
306 4039 348 4081 est
368 4033 402 4083 ab
419 4028 487 4093 illis,
500 4027 546 4092 qni
563 4028 662 4095 egredi
674 4038 843 4090 concoquere
857 4027 1011 4091 potnerunt,
1030 4032 1178 4092 exquibus

123 4106 283 4170 Seyffertus
307 4104 373 4151 haec
398 4096 560 4160 adscripsit:
589 4109 656 4148 cum
679 4095 737 4147 inm
757 4099 893 4160 ceperat)
909 4095 954 4146 oie
970 4097 1030 4148 rein
1048 4100 1179 4153 zeitliche

122 4178 284 4240 liedeutuug
298 4172 387 4224 macht
403 4170 454 4221 das
471 4167 686 4219 nebensteheude
703 4164 762 4219 iam
775 4166 910 4221 deutlich:
929 4168 1060 4221 uachdem
1076 4169 1179 4231 erote-

890 4231 971 4304 wi*
