2700 4726
179 285 246 355 eas
441 279 513 349 on
542 277 723 348 nereo
753 275 1008 371 adonico

181 436 317 554 huntur,
338 469 429 559 quod
451 471 581 556 insigne
603 478 758 556 pacatum
780 491 855 537 esse
877 475 1076 549 consuerat,
1099 472 1213 534 tamen
1234 464 1272 534 id

183 559 294 647 ipsum
334 560 390 625 sui
418 560 560 625 fallendi
590 578 693 622 causa
726 559 853 624 milites
882 561 925 624 ab
955 558 1111 625 hostibus
1142 556 1271 622 lactum

142 671 163 731 q
185 647 432 714 existimabant.
485 645 611 712 Eodem
644 653 797 734 tempore
828 644 955 713 Lucius
975 646 1102 713 Fabius
1121 646 1275 711 centurio

184 736 310 823 quique
333 756 399 800 una
422 755 553 801 murum
577 732 817 815 ascenderant,
854 734 1074 802 circumventi
1098 741 1202 821 etque
1222 733 1275 800 iu-

254 912 317 975 S·²
341 913 484 973 pacatum]
516 908 626 974 emate
643 924 679 961 ex
697 909 783 974 Bong.
801 911 834 962 Α.
854 911 944 960 refert
964 911 1004 961 ΡΙ.
1024 911 1129 961 duobus
1148 907 1276 961 interto-

219 979 303 1041 qandi
319 979 408 1044 signis
426 981 461 1030 ed
476 979 579 1030 lineam
596 991 626 1029 m
642 979 766 1031 litteram
783 977 952 1030 indicantem
970 980 1097 1031 adiectis.
1121 979 1276 1043 peccatum

188 1044 192 1051 '
218 1050 303 1100 Voss.
321 1051 357 1100 A.
380 1051 463 1103 Fahr.
487 1049 583 1102 liamh.
610 1047 690 1098 vind.
711 1049 743 1098 i).
764 1051 916 1112 peccatum
934 1049 1020 1100 Viud.
1039 1050 1061 1099 i.
1079 1049 1192 1112 necatio
1209 1048 1275 1100 ald

218 1121 250 1169 et
265 1131 325 1183 sqq.
348 1120 423 1181 „lic
440 1121 471 1168 ut
488 1120 614 1184 vitietur,
632 1118 763 1168 exhibent
780 1118 857 1170 MSS.
875 1115 970 1170 Ouiae.
991 1119 1089 1170 Vrsin.
1108 1119 1178 1168 And.
1197 1118 1274 1167 scal.

219 1188 307 1239 oxon.
328 1201 363 1238 ex
385 1189 482 1250 quihus
500 1188 570 1238 nihil
586 1187 736 1237 varietatis
755 1189 916 1238 adnotatum
934 1190 985 1238 est.
1021 1189 1077 1238 Sed
1095 1185 1198 1249 reliqui
1216 1187 1275 1236 mel

115 1251 118 1259 ’
219 1269 314 1307 omnes
339 1271 400 1322 coqu
416 1259 497 1309 cerr.
521 1251 549 1306 et
566 1257 634 1306 Edd.
652 1256 747 1317 primis
767 1259 834 1308 dant
850 1260 993 1321 pacatum·
1013 1256 1094 1321 quasi
1112 1268 1162 1318 oro
1178 1267 1271 1320 poca-

219 1328 338 1384 toram5
367 1322 454 1394 qliae
472 1323 584 1394 σημεῖον
601 1322 679 1376 Gr.“
718 1326 760 1374 De
778 1326 848 1375 And.
870 1330 899 1377 et
916 1326 967 1377 οι.
987 1325 1034 1391 id,
1065 1326 1137 1389 quod
1152 1337 1201 1376 res
1218 1329 1273 1388 est,

220 1396 289 1448 ilud.
316 1396 489 1460 coniecisse,
520 1397 598 1453 certe
619 1392 706 1443 Aldus
729 1405 785 1444 non
810 1395 872 1444 sine
896 1396 991 1445 codice
1013 1395 1135 1445 edidisse
1157 1395 1274 1460 pacatis

222 1465 346 1514 videtur:
380 1466 414 1514 de
434 1463 550 1524 reliquis
570 1462 658 1512 trihus
675 1461 766 1512 minus
788 1464 940 1524 probabilis
959 1463 1019 1514 eius
1038 1465 1201 1515 coniectura
1219 1467 1274 1526 est,

219 1545 282 1585 cum
299 1532 377 1583 Laid.
395 1537 427 1582 Α.
452 1533 516 1582 Par.
535 1532 566 1580 ii.
585 1532 655 1580 llav.
674 1533 708 1582 A.
728 1532 813 1582 Vind.
831 1536 865 1586 h.
882 1536 996 1583 teneant
1011 1536 1149 1597 necdum
1158 1546 1170 1591 ‚·
1200 1533 1274 1595 qood

220 1603 327 1667 losum,
351 1602 406 1652 etsi
423 1602 505 1662 naulo
521 1599 706 1665 insolentius,
725 1603 819 1651 menen
836 1604 906 1653 satis
924 1606 1022 1654 honum
1040 1609 1070 1653 et
1086 1602 1172 1654 elteri
1190 1602 1275 1652 etiem

220 1673 336 1734 qroqter
351 1669 461 1721 codices
478 1671 692 1732 praeterendum
709 1675 761 1720 est.
780 1700 815 1710 -
842 1673 875 1723 ln
891 1673 946 1723 inc.
966 1675 1040 1725 teste
1055 1673 1118 1724 lilh.
1134 1673 1274 1738 pacatum

221 1741 353 1792 omissum
367 1741 397 1789 et
413 1750 463 1802 pro
478 1739 589 1805 inaiqne
606 1739 742 1802 scriptum
760 1748 804 1790 est
822 1741 852 1791 in
869 1743 968 1809 siquis.

255 1805 417 1874 consuerat]
434 1809 531 1876 „diss
551 1809 658 1858 tantum
675 1821 731 1859 non
744 1821 851 1875 omnes,
868 1815 944 1861 certe
958 1808 1144 1861 vetustissimi
1157 1806 1276 1874 plures“

221 1877 275 1928 loc.
295 1892 352 1930 sec.
373 1879 433 1928 ΕΗ).
455 1880 649 1929 consueuerat
672 1879 732 1929 cod.
753 1879 833 1933 lurr.
851 1879 948 1931 Hamh.
969 1879 1051 1932 Vlud.
1073 1879 1103 1930 C.
1125 1879 1186 1931 edd.
1210 1881 1275 1931 aute

221 1947 290 1998 0ud.
325 1946 369 2000 ci.
388 1948 451 2005 adn.
471 1960 510 1999 or.
529 1948 565 1997 ad
584 1945 613 2015 4,
630 1944 666 1997 24
681 1946 707 2008 s.
728 1942 755 1998 4.

184 2081 285 2135 dictum
304 2088 348 2136 est
365 2087 400 2136 ad
419 2088 443 2151 i,
462 2086 496 2136 28
515 2089 542 2150 s.
559 2084 591 2151 4,
611 2086 656 2137 uhi
675 2086 710 2135 de
753 2084 832 2136 exeri
856 2084 885 2133 et
904 2084 1012 2134 remota
1031 2089 1086 2147 qu'e
1102 2086 1196 2136 tectim
1214 2085 1276 2137 iue-

184 2152 261 2204 Bolis
277 2153 394 2217 legimus
413 2156 490 2220 quod
509 2156 627 2219 eareqia
643 2155 710 2202 oir—
753 2157 814 2216 rat,
846 2153 910 2213 sagi
933 2155 1014 2213 parte
1037 2154 1139 2203 nudari
1159 2166 1277 2206 necesse

184 2223 249 2275 tute
261 2225 348 2272 eraut
359 2223 476 2287 coquiti.
512 2224 589 2283 Quod
603 2222 638 2272 ad
650 2234 709 2272 reru
752 2223 825 2283 erat,
840 2218 921 2281 idque
934 2231 990 2269 non
1002 2219 1092 2271 minus
1105 2220 1191 2273 taciie
1202 2223 1275 2284 heri,

185 2290 230 2342 his
241 2291 335 2340 verhis
345 2292 477 2342 traditam
489 2291 599 2356 attinet,
613 2290 709 2356 Lipsio
751 2289 835 2340 eiiam
848 2287 877 2338 in
889 2288 998 2353 itinere,
1012 2288 1038 2339 sl
1050 2290 1162 2343 occasio
1176 2292 1274 2356 terret,

185 2361 223 2410 ad
239 2361 302 2410 i'ac.
321 2359 393 2411 illst.
412 2362 445 2423 1,
475 2359 511 2411 54
528 2372 590 2410 eam
608 2374 708 2421 susqe-
752 2370 835 2421 quam
868 2359 1003 2409 iniectum
1037 2361 1116 2409 reddi
1153 2365 1274 2423 poterat.

184 2430 257 2480 ctam
275 2428 328 2477 sihi
347 2429 503 2480 ostendenti
518 2432 547 2480 et
565 2430 598 2477 de
615 2430 710 2478 hume·
751 2424 839 2479 Paulo
856 2426 1002 2489 operosior
1020 2441 1068 2478 ree
1087 2430 1150 2480 erat
1168 2430 1197 2481 in
1216 2432 1277 2482 cin-

183 2496 226 2548 ris
242 2497 271 2546 et
287 2500 420 2559 quomodo
438 2497 517 2548 exeri
533 2497 554 2547 ii
567 2498 709 2560 potuerint
750 2500 797 2549 otu
815 2498 939 2561 Gabino,
970 2510 1048 2561 quem
1066 2509 1085 2548 a
1102 2500 1275 2553 Tertulliano

184 2578 239 2617 uec
257 2577 356 2627 capere
374 2580 406 2616 se
423 2580 474 2616 uec
491 2569 596 2631 legisse
606 2566 709 2618 fatenti
750 2568 792 2617 lie
816 2567 903 2628 pallio
929 2580 953 2621 c.
976 2570 994 2617 a
1017 2571 1109 2634 extre,
1141 2570 1188 2621 uhi
1206 2571 1275 2623 cato

183 2634 708 2700 recentioresinterqretesnequaquam
748 2634 924 2686 iuridicinae
941 2649 1009 2689 suae
1027 2638 1057 2689 in
1074 2639 1204 2702 tempore
1220 2641 1276 2691 hu-

183 2702 232 2754 ila
248 2706 467 2771 responderunt,
499 2714 530 2755 ut
559 2707 631 2768 qued
656 2705 707 2756 iile
749 2716 863 2756 meram
879 2707 1001 2757 suerius
1018 2708 1146 2771 vocatur,
1165 2710 1275 2775 signiti-

183 2770 340 2839 ignorahat,
358 2775 487 2824 docuisse
502 2777 551 2824 aut
564 2774 707 2826 duhitandi
729 2778 843 2827 tostum
867 2776 967 2825 statuit
988 2775 1142 2827 dalmasius
1161 2777 1193 2829 in
1212 2782 1276 2830 adn.

127 2870 129 2875 <
183 2852 297 2893 eausam
311 2845 414 2897 nullan
426 2844 575 2905 reliquisse
590 2845 707 2894 videan—
751 2857 779 2907 q.
797 2841 858 2895 254.
877 2845 933 2902 (ed.
954 2846 1041 2909 hugd.
1054 2848 1115 2897 liat.
1135 2858 1161 2897 a.
1182 2848 1276 2913 165⁶.)

184 2912 240 2962 tur.
271 2911 385 2961 Scilicet
397 2913 481 2964 aliter
491 2913 611 2964 vestitos
623 2913 709 2963 aliter
751 2924 866 2975 quocum
883 2915 1039 2973 comparari
1055 2918 1149 2977 potest
1166 2917 1203 2981 is,
1222 2930 1277 2980 quo

181 2981 324 3031 humerum
357 2983 403 3031 vel
436 2984 564 3033 humeros
590 2994 708 3032 exerere
751 2981 866 3044 Cethegi
880 2981 922 3030 uti
933 2984 1115 3034 consuevisse
1127 2987 1278 3039 traduntur

181 3051 398 3101 consentaneum
433 3054 485 3101 est.
535 3052 573 3100 nt
607 3051 708 3101 Gallos
750 3049 1047 3111 coenolentam
1073 3053 1138 3116 inae
1154 3055 1277 3109 humero

182 3119 291 3183 quiden
304 3121 346 3169 ita
356 3119 535 3170 utRomanos
548 3119 625 3182 sagis
639 3132 707 3171 usos
753 3122 877 3170 emerius
895 3118 997 3184 qentiii
1013 3132 1095 3173 more
1110 3129 1277 3184 permees.

181 3199 246 3239 esse
263 3189 299 3239 ad
318 3188 351 3251 5,
369 3188 404 3239 4²
420 3192 447 3253 s.
467 3194 484 3241 ³
501 3190 636 3253 vidimus,
655 3201 709 3252 quo
752 3188 796 3238 (ii.
821 3190 926 3239 Lucan.
947 3190 979 3255 2,
1010 3188 1070 3240 54³.
1089 3191 1187 3245 Horat.
1205 3198 1277 3247 Arte

179 3256 244 3309 loco
261 3259 368 3323 sagulis
381 3258 486 3308 terrem
501 3258 649 3308 exhaurire
665 3259 709 3308 di·
750 3259 825 3321 poet.
848 3257 892 3308 50.
933 3258 1036 3308 Eorum
1055 3272 1142 3328 vero,
1174 3265 1223 3328 qui
1239 3267 1276 3317 ad

180 3328 290 3377 cuntur.
308 3330 509 3392 sagumeutem
522 3328 709 3377 simiiefuisse
749 3336 867 3390 pugnam
888 3339 1004 3377 exerere
1022 3327 1158 3382 humeros
1176 3335 1275 3385 dicun·

180 3395 322 3459 chlamydi
338 3399 460 3464 constat,
476 3408 557 3459 quam
572 3398 708 3446 Milierus
750 3400 812 3461 tur,
844 3396 876 3443 nt
899 3395 1004 3447 milites
1022 3400 1179 3453 Sertoriani
1202 3406 1275 3467 aqud

180 3463 333 3516 llandhuch
361 3468 410 3516 der
433 3466 636 3529 Archaeologie
657 3466 706 3515 der
749 3464 1274 3536 hronunumstrat.2‚1s.e,00„.

179 3532 272 3584 Kuust
295 3535 322 3596 s.
343 3536 412 3598 3³7,
445 3537 463 3584 6
482 3537 525 3584 his
542 3536 637 3586 verbis
656 3536 706 3584 de·
748 3537 828 3584 stans
847 3535 955 3595 quidem
972 3538 1001 3586 et
1018 3539 1145 3601 proprius
1164 3544 1273 3593 nudau-

179 3603 293 3654 sentit:
320 3603 357 3658 ein
374 3604 581 3672 wienteiieegen,
600 3607 642 3659 bet
659 3605 708 3660 mit
748 3603 844 3654 dorum
867 3607 965 3656 modus
990 3619 1046 3656 non
1069 3610 1158 3672 magis
1185 3613 1274 3664 luisse

179 3670 245 3729 tinet
258 3669 377 3737 &dome
393 3674 449 3726 obet
463 3674 569 3740 &conge
580 3668 706 3738 (περόνη,
748 3673 902 3723 credendos
915 3677 968 3739 est,
986 3687 1066 3738 quan
1075 3679 1194 3730 haidum
1205 3682 1273 3732 iila-

177 3730 290 3806 sslqsrq)
315 3738 375 3794 ibeo
399 3743 440 3795 tet
463 3742 558 3805 testeo
585 3742 706 3805 &diciret
747 3754 827 3808 rum,
860 3744 894 3793 de
927 3744 1024 3804 quihus
1052 3748 1129 3798 canit
1154 3749 1273 3802 ovidius

176 3804 287 3874 bcieitiqt
302 3811 394 3874 ttutbt,
409 3811 459 3864 aab
476 3811 524 3865 titii
540 3811 704 3879 quottidie:
747 3813 825 3862 rest.
843 3814 876 3880 1,
899 3812 969 3863 toa:
1000 3816 1112 3868 licerit
1128 3818 1202 3871 haec
1217 3821 1273 3872 hee-

193 3879 261 3932 ettso
289 3876 387 3944 &luido
410 3878 488 3946 lingit
517 3883 558 3935 tet
584 3881 704 3947 &danici
747 3893 858 3950 meros,
891 3885 999 3933 vestem
1024 3886 1119 3938 trahit
1141 3888 1195 3943 iiio
1217 3902 1272 3955 ner

174 3888 297 4066 &tubitet
341 3947 384 3997 Gi.
408 3948 445 3998 ih.
477 3950 505 4011 s.
531 3948 600 4011 dil,
631 3951 648 4000 5
673 3954 702 3999 et
745 3951 877 4003 hertone:
893 3951 1057 4015 Impediunt
1070 3958 1189 4009 teneros
1203 3961 1270 4012 oiu-

112 4031 115 4036 ’
218 4015 404 4065 iuckelruanni
423 4016 522 4067 [iesch.
543 4019 567 4066 d.
585 4019 618 4068 K.
637 4018 700 4079 6,3
744 4021 810 4073 caelu
825 4023 904 4072 nullu
922 4023 1017 4084 pedes.

173 4082 202 4145 ς.
216 4084 243 4133 9.
262 4085 306 4143 (Τ.
323 4084 371 4133 lv.
389 4100 416 4147 q.
431 4083 494 4137 409.
511 4085 585 4152 Eis.)
601 4088 700 4138 soluta
795 4092 868 4152 quod
876 4090 986 4154 insigne
995 4094 1124 4153 pacatum
1131 4104 1196 4144 esse
1203 4106 1271 4147 cou-

172 4150 259 4218 igitur
286 4153 371 4205 thoda
402 4155 527 4207 dextrum
554 4159 697 4209 humerum
742 4162 854 4222 suerat]
884 4160 1024 4214 Pacatum
1047 4175 1098 4225 her
1123 4175 1268 4228 syncopen
