2700 4726
214 338 282 405 ros
381 280 384 285 ¹
468 336 542 405 oa
587 334 773 404 necno
803 330 1054 422 enucleo

216 545 358 611 coquum
383 526 493 591 locum
518 522 754 604 descenderet,
788 525 856 593 ieri
878 525 968 591 iacto
992 525 1144 614 equestri
1170 525 1301 615 proelio

174 619 320 700 satque
348 634 388 679 eo
415 612 563 679 secundo
592 612 628 679 in
657 620 771 678 caetra
800 614 982 681 exercitum
1015 612 1162 682 reduxit.
1213 612 1298 682 cum

215 700 278 766 hoc
299 698 387 766 idem
409 707 546 790 postero
564 698 619 766 die
637 698 793 780 fecisset,
823 701 909 767 satis
932 699 975 766 ad
997 699 1164 768 Gallicam
1187 709 1302 767 osten-

214 788 378 855 tationem
409 786 619 854 minuendam
652 786 863 875 militumque
892 790 1021 856 animos
1051 788 1300 856 confirmandos

171 888 194 955 4
216 874 341 942 iactum
368 875 563 942 existimans
587 875 622 941 in
647 872 810 941 Haeduos
839 874 942 945 movit
968 882 1095 947 castro.
1144 875 1201 943 Ne
1228 883 1300 943 tum

215 962 351 1052 quidem
379 964 544 1030 insecutis
573 963 729 1029 hostibus
757 964 862 1031 tertio
891 962 946 1030 die
969 962 1012 1030 ad
1031 965 1155 1031 flumen
1177 963 1302 1032 Elaver

248 1155 328 1220 ligni.
347 1156 416 1211 Lov.
433 1164 492 1206 rec.
509 1151 603 1204 Heius.
622 1151 706 1206 li'altr.
723 1152 896 1205 Parisienses
913 1166 971 1210 sec.
989 1154 1176 1208 Aelruintrium
1193 1168 1301 1222 omnes,

248 1225 312 1275 Par.
331 1228 366 1276 A.
390 1236 447 1277 sec.
470 1224 582 1285 seyerl.
608 1223 691 1285 teng.
708 1224 744 1276 A.
768 1223 809 1274 ΡΙ.
833 1224 889 1274 lir.¹
902 1226 957 1276 Ali.
976 1226 1054 1276 Vrat.
1072 1227 1150 1278 Alto.
1167 1226 1250 1279 Goth.
1270 1229 1301 1277 lt.

132 1328 139 1340 .
248 1294 345 1347 llamb.
370 1293 450 1358 (tiu.)
473 1293 555 1345 Vind.
574 1291 715 1343 Altulclt.
740 1293 817 1343 Boon
843 1306 870 1344 a.
895 1295 967 1344 Med.
991 1306 1017 1345 a.
1039 1296 1109 1346 Ven.
1129 1297 1217 1346 lrcdei.
1238 1298 1301 1346 lter.

245 1364 308 1415 Ald.
327 1363 370 1414 alr.
389 1364 439 1413 Gr.
457 1373 484 1415 a.
504 1361 534 1412 P.
553 1362 624 1411 lien.
642 1362 718 1412 l'urr.
753 1361 828 1411 idern
845 1363 912 1424 legit
931 1364 1082 1415 Petrarclra
1099 1366 1170 1415 llist.
1183 1364 1229 1429 18,
1248 1368 1299 1416 16:

249 1431 493 1498 Vercinpetoric,
512 1429 559 1481 cui
574 1430 697 1482 mntem
710 1430 799 1483 anion
815 1431 846 1481 et
861 1431 927 1492 piot
943 1434 1010 1483 erat
1028 1432 1151 1497 virtum,
1168 1436 1300 1487 content-

243 1503 344 1568 plotoe
368 1501 517 1552 coeuntem
538 1499 600 1564 ipse
623 1500 711 1549 etium
735 1498 768 1549 io
790 1500 878 1562 mnu
894 1501 1052 1553 descendit.
1087 1503 1191 1565 contra
1208 1506 1300 1554 Metu-

244 1573 372 1634 plrrastes
390 1571 537 1619 secundum
557 1570 615 1635 st,
639 1575 668 1618 ut
686 1567 797 1632 opinor,
822 1562 918 1634 ἐπειδή
935 1564 967 1621 οἱ
980 1567 1111 1636 πολέμιοι
1128 1567 1178 1625 οὐκ
1199 1566 1297 1635 ἀντεξ-

243 1634 328 1712 ῄεσαν
344 1639 451 1701 posuit,
475 1650 557 1700 quam
576 1636 737 1689 sententiam
756 1636 900 1701 sequentia
918 1639 1082 1702 efflagitent.
1117 1643 1176 1692 Neo
1190 1643 1299 1693 videtur

246 1708 404 1759 celeriore
422 1707 586 1773 mutatione,
609 1718 689 1769 quam
709 1718 778 1769 quoe
799 1706 963 1759 Vascoseuo
985 1707 1097 1773 placuit,
1115 1710 1189 1761 effici
1208 1723 1300 1771 posse.

247 1774 331 1829 certe
350 1776 422 1828 citii
439 1775 549 1839 micres,
583 1775 610 1823 ln
627 1776 698 1838 quod
716 1774 811 1824 incidit
829 1775 1005 1843 norregiae,
1030 1781 1101 1842 quod
1118 1792 1300 1845 nequaquam

247 1846 401 1911 significet,
427 1844 498 1896 ferri
520 1844 620 1907 nequit.
661 1844 693 1893 ld
711 1843 782 1895 enim
800 1845 894 1895 addite
913 1853 1016 1897 tantum
1035 1848 1080 1897 vel
1100 1851 1195 1900 audita
1212 1862 1300 1913 qoom

247 1915 385 1980 particule
403 1913 480 1964 illam
497 1911 722 1977 significationem
741 1913 854 1976 recipit,
870 1913 938 1965 nihil
955 1915 1043 1966 minus
1061 1922 1152 1968 autem
1171 1930 1252 1982 quum
1269 1919 1297 1968 iu

246 1998 360 2048 aequum
379 1985 467 2034 locum
480 1981 655 2033 descendisse
666 1978 877 2045 Vercingetorix
891 1983 945 2034 nisi
959 1984 994 2033 ab
1008 1985 1111 2055 inepto,
1130 1988 1198 2039 uilril
1210 1986 1299 2038 minus

247 2054 423 2105 descendisse
440 2065 509 2103 vero
526 2051 581 2102 uisi
598 2052 633 2102 ub
649 2049 755 2101 intanta
773 2050 829 2103 dici
845 2063 900 2104 nou
918 2054 1033 2116 poterat.

279 2140 409 2202 aequum]
427 2150 492 2189 eom
509 2137 593 2199 Boog.
612 2127 643 2185 C.
663 2132 747 2185 conti.

279 2221 471 2282 aescenderet]
496 2218 680 2271 asscensore
697 2198 769 2270 uei.
785 2222 819 2271 a.
842 2221 991 2273 ceremon
1007 2223 1038 2275 et
1057 2221 1126 2276 nov.
1144 2222 1228 2275 reor.
1247 2224 1296 2277 ae-

246 2293 383 2360 ffeaderet
399 2291 471 2340 ven.
489 2292 532 2342 cd.
550 2289 760 2340 descenderent
776 2288 846 2339 Veu.
865 2291 887 2341 l.

279 2380 360 2440 etque
378 2373 424 2440 eo]
443 2371 513 2427 And.
530 2374 581 2425 (ix.
599 2373 648 2424 (iu.
667 2375 696 2426 S.
715 2373 792 2426 leid.
813 2375 847 2425 A.
864 2376 936 2427 liar.
953 2378 987 2430 A.
1005 2375 1088 2428 Viud.
1105 2378 1140 2427 A.
1157 2377 1220 2426 Ald.
1237 2389 1295 2441 sqq.

244 2457 279 2496 eo
297 2458 351 2495 om.
368 2443 467 2506 reliqui
486 2452 513 2492 et
530 2445 591 2495 edd.
608 2451 671 2493 unte
689 2444 751 2494 Ald.
786 2442 828 2494 Gi.
848 2444 910 2494 civ.
930 2448 962 2509 1,
987 2424 1023 2498 ᾗ
1040 2445 1067 2507 S.
1086 2443 1118 2497 i:
1145 2447 1244 2497 oddus
1260 2475 1296 2485 -

243 2512 378 2565 mocimie
398 2511 504 2578 deficis
521 2512 649 2563 traditus
665 2514 754 2577 cepoe
771 2511 812 2563 eis
828 2512 997 2575 praeacutis
1014 2516 1171 2579 praeeepit.
1188 2516 1217 2564 et
1233 2517 1296 2566 adu.

244 2585 280 2634 ad
300 2582 327 2649 5,
345 2580 378 2633 15
396 2581 424 2643 8.
443 2586 475 2643 ἃς
494 2589 522 2631 et
539 2594 573 2634 eo
588 2581 632 2631 tric
649 2579 673 2629 si
691 2581 780 2631 minus
793 2584 989 2650 necessarium,
1006 2587 1035 2636 st
1047 2585 1217 2646 aptissimum
1232 2596 1297 2633 esse

244 2651 394 2712 apparebit.
430 2650 574 2702 codicibus
593 2652 683 2701 autem
702 2649 754 2714 iis,
778 2651 876 2714 quitus
893 2654 970 2703 deest
987 2665 1151 2717 pronomen,
1180 2657 1223 2705 tot
1238 2655 1297 2704 alla

244 2732 297 2770 non
316 2723 393 2772 rnodo
412 2727 496 2787 apta,
520 2720 668 2771 sedetiam
687 2718 847 2769 necessaria
862 2719 893 2770 in
911 2724 961 2772 hoc
978 2722 1140 2784 praesertim
1155 2722 1227 2773 libro
1245 2725 1296 2773 de·

245 2794 319 2855 sunt,
338 2793 367 2839 ut
384 2790 453 2840 tides
468 2791 510 2839 eis
527 2792 553 2842 h.
572 2791 591 2840 l.
610 2788 704 2838 lateri
721 2788 782 2839 aine
799 2788 944 2852 scriptoris
960 2790 1062 2843 iniuria
1079 2792 1127 2841 rix
1145 2792 1242 2853 possit.

277 2877 305 2938 s.
323 2877 340 2922 3
357 2874 444 2925 movit
461 2873 566 2933 caetra]
584 2873 687 2938 „ilisa
707 2872 831 2935 plerique
839 2871 858 2902 “
874 2875 958 2924 Voss.
974 2878 1009 2927 A.
1026 2878 1102 2939 ligur.
1120 2877 1194 2929 cote.
1210 2879 1297 2941 Bong.

242 2946 277 2996 A.
305 2944 370 2995 Per.
394 2940 427 2996 A.
452 2945 524 2995 llev.
543 2943 576 2991 A.
604 2942 651 2994 Dr.
672 2944 706 2990 A.
731 2942 812 2996 viat.
837 2944 891 2997 Ali.
918 2945 1013 2996 Hamb.
1039 2946 1092 2995 Gn.
1117 2945 1198 2996 vind.
1217 2947 1297 2997 Altc.

241 3015 312 3063 Ver.
330 3013 351 3061 t.
376 3011 418 3063 cl.
441 3024 464 3062 c.
490 3025 527 3062 m.
548 3011 595 3060 Dr.
614 3011 644 3059 lt.
665 3010 743 3060 Vrat.
763 3011 795 3061 c.
818 3011 897 3062 Goth.
916 3015 945 3062 o.
971 3022 999 3063 et
1022 3026 1084 3064 cum
1102 3014 1215 3078 reliquis
1233 3017 1296 3072 edd.

242 3082 312 3134 (iud.
335 3077 383 3148 (ln
403 3080 488 3132 Viod.
503 3077 536 3130 A.
554 3079 650 3130 Homo.
666 3081 705 3128 St.
724 3079 772 3139 (ir.
792 3080 817 3128 b.
836 3081 921 3132 Freli.
939 3094 993 3132 non
1011 3082 1070 3147 irio,
1094 3085 1144 3134 sed
1162 3092 1224 3145 post
1241 3085 1295 3136 iio-

240 3151 331 3203 etitus
354 3153 480 3210 punctum
504 3149 629 3215 positurn'
639 3159 752 3212 eamque
770 3148 971 3203 distinctionem
991 3154 1193 3215 metaphrastes
1212 3167 1296 3206 secu·

239 3220 286 3271 tus
303 3215 370 3285 est.)

274 3289 302 3352 s.
320 3287 339 3339 4
356 3288 412 3348 Ne]
432 3298 483 3338 om.
501 3285 577 3339 lield.
596 3288 628 3339 A.
647 3287 675 3338 s.
693 3286 774 3341 vind
793 3289 827 3337 A.

255 3457 282 3521 S.
301 3455 417 3510 itertio
435 3451 493 3520 die]
511 3455 545 3504 eb
560 3465 605 3520 eo,
624 3461 653 3503 ut
669 3454 728 3518 opi·
768 3457 920 3507 Petrarclm
932 3457 1037 3523 (tertio
1049 3469 1119 3527 erpo
1130 3461 1297 3528 profectio-

202 3542 264 3597 nor,
282 3539 334 3591 quo
353 3524 446 3577 nauita
463 3523 592 3575 concione
605 3523 728 3586 legiones
768 3527 815 3577 nis
834 3527 880 3578 die
898 3528 984 3579 arnol
1001 3528 1083 3580 iilum
1099 3530 1226 3597 adeunt,
1253 3546 1295 3583 sc.

203 3611 238 3649 ex
255 3596 356 3649 castris
373 3594 477 3659 eduxit,
496 3594 575 3644 cuius
595 3593 727 3655 postridie
770 3598 941 3665 Eporedorix
962 3605 989 3646 et
1002 3599 1202 3649 Viridomarus.
1221 3601 1295 3655 litat.

202 3680 263 3718 cum
275 3667 348 3718 idem
359 3665 485 3727 iecisset,
502 3671 597 3713 castra
609 3661 639 3712 in
651 3664 726 3712 llae-
770 3667 813 3728 18,
833 3669 893 3725 17.)
903 3677 931 3716 et
940 3669 1145 3727 Metaptrustes
1159 3670 1298 3738 (τριταῖος

202 3737 270 3786 duos
300 3734 396 3788 morit.
437 3733 552 3783 Postero
584 3731 655 3782 euim
683 3732 727 3781 die
769 3728 798 3785 tt
828 3733 897 3801 repit
924 3732 975 3786 erio
1002 3729 1138 3803 'Ettssepe
1165 3737 1299 3804 ποταμὸν

202 3804 325 3856 movisse
344 3805 439 3854 castra
456 3801 511 3851 etsi
527 3801 640 3851 disertis
661 3813 726 3849 ver·
767 3799 1002 3870 παραγενόμενος)
1023 3808 1051 3854 et
1075 3808 1200 3856 vlrertus
1225 3811 1298 3859 nunc

201 3873 431 3939 bisnoudicitur‚
449 3869 508 3922 acsi
521 3871 726 3935 omniaecdem,
767 3873 858 3922 locum
882 3877 917 3922 ad
940 3873 1023 3922 situm
1045 3874 1201 3938 Gergoviae
1226 3878 1298 3926 deti-

203 3954 273 4009 qnae
284 3944 382 4006 pridie,
399 3942 514 4004 iecerat,
528 3939 637 4001 paulum
650 3941 728 3989 modo
768 3941 894 3991 ciendum
910 3941 1040 3991 adnitens
1057 3941 1152 4010 (diter
1165 3944 1299 4014 peterent

196 4013 331 4075 't0111t0ritl
354 4010 390 4062 ad
412 4008 466 4061 lter
487 4007 644 4060 faciendum
660 4009 728 4058 ren-
768 4011 826 4079 anet
844 4006 886 4065 tis
905 4010 956 4065 stet
973 4012 1051 4080 stege,
1068 4026 1112 4067 ont
1129 4027 1163 4069 on
1176 4017 1221 4070 ten
1236 4016 1300 4072 eto

203 4094 285 4146 quum
303 4079 414 4144 naonis,
439 4080 545 4139 mmor,
573 4077 638 4141 quia
651 4077 728 4128 allud
769 4090 811 4135 oet
835 4091 884 4135 eon
911 4080 969 4134 tect
992 4084 1041 4136 mit
1064 4083 1152 4148 isicem
1170 4085 1250 4150 teate
1266 4099 1299 4154 pa

203 4149 265 4200 elus
286 4147 329 4201 rei
353 4155 459 4208 tempus
476 4145 658 4209 significatum
675 4159 729 4199 uon
769 4150 891 4205 remman.
914 4149 988 4202 eati.
1013 4165 1039 4212 p.
1057 4150 1135 4216 ooo.)
1152 4155 1264 4205 serrium
1281 4166 1300 4205 a

203 4227 264 4285 eat,
292 4214 444 4271 existimari
464 4215 556 4268 delet.
596 4214 669 4284 Atti,
699 4217 731 4267 ut
772 4218 853 4272 motis
870 4216 972 4270 cestris
987 4219 1057 4272 dien
1069 4218 1302 4287 interpretanturt
