2700 4726
449 302 886 378 nra.v11.onr.er
971 329 974 334 ·
1086 270 1210 401 'rae

113 486 387 575 sagittariosque
410 511 542 575 omnes,
565 514 707 581 quorum
730 505 804 562 enat
826 518 1026 586 permagnus
1048 516 1207 565 numerus

153 696 279 749 nomines
297 695 428 747 subdolae
446 698 578 750 orationis
594 700 727 752 facultate
742 700 870 752 instructi
888 704 916 753 et
933 701 1053 755 amicitia
1069 704 1206 756 coniuncti

151 767 201 833 ils,
220 767 257 818 ad
275 776 342 828 quos
361 767 546 832 mittebantur,
564 771 636 821 bend
652 771 734 821 dubie
751 772 830 836 plus,
846 784 926 835 quam
944 773 1056 823 allicere
1072 776 1206 840 poterant,

149 837 198 900 ut,
234 833 262 885 si
277 838 370 887 tamen
387 838 437 903 hoc
457 836 573 903 intelligi
591 839 726 890 voluisset
745 840 878 913 scriptor,
906 843 1066 894 necessario
1084 841 1205 893 adiicere

151 906 269 955 verboru
287 905 376 968 ipsum
392 905 542 961 debuisset.
577 907 684 959 Glarkii
701 917 792 959 autem
808 909 908 961 rationi
924 912 959 961 ad
977 923 1085 961 sensnm
1104 911 1205 973 proba·

149 974 243 1025 biliori
261 972 420 1024 adverbium
436 977 595 1040 refragatur
614 977 760 1042 facillime.
795 979 892 1040 ltaque
912 982 1014 1042 restat,
1038 987 1069 1029 ut
1086 984 1134 1030 aut
1151 993 1202 1030 eo-

145 1055 221 1108 pere
239 1042 370 1107 eutropi
388 1053 438 1104 pro
455 1055 524 1096 vero
540 1046 680 1097 habeatur.
715 1047 821 1110 copore
838 1049 908 1098 satis
929 1050 1025 1098 bonum
1043 1056 1087 1099 est
1105 1057 1133 1097 et
1150 1051 1203 1101 ba·

116 1110 120 1125 ¹
148 1112 197 1163 bet
217 1112 336 1173 amplius
353 1112 431 1177 illud,
448 1114 564 1177 quod-in
581 1114 701 1167 Diibneri
719 1117 825 1167 ratione
843 1117 1030 1182 desideratur,
1052 1129 1139 1179 neque
1156 1130 1203 1167 re-

143 1180 282 1245 prebendi
305 1190 450 1244 propterea
472 1180 569 1251 debet,
602 1186 672 1248 quod
690 1194 768 1236 caret
784 1184 906 1250 obiecto,
937 1187 972 1236 ab
991 1186 1080 1237 lllrtio
1098 1186 1203 1248 quiden

146 1248 243 1301 addito
260 1249 294 1314 8,
312 1253 400 1312 prael.
418 1249 445 1310 S.
459 1251 478 1302 8
493 1254 583 1319 (puae
599 1266 701 1304 reram
719 1255 851 1307 nooitcte
868 1256 921 1306 aut
938 1255 1133 1307 admiratione
1150 1269 1202 1305 nos

147 1321 284 1383 cupium)
305 1317 435 1371 seditem
454 1323 558 1373 omisso
572 1333 591 1373 a
606 1322 739 1375 Cicerone
757 1325 804 1379 or.
823 1337 846 1374 c.
865 1324 899 1373 19
916 1321 957 1391 (s.
976 1328 1041 1384 bai:
1065 1325 1202 1375 derebus

97 1390 101 1395 '
145 1388 274 1453 phontis
291 1401 326 1439 oe
343 1388 458 1441 minime
475 1392 651 1444 turbulentis
668 1392 788 1444 docendi
803 1406 924 1461 cauare,
941 1407 999 1443 noo
1014 1395 1143 1458 capimrdi
1157 1395 1201 1444 lo-

148 1460 292 1521 comtos.
327 1458 417 1507 Minus
434 1460 553 1512 fortasse
568 1464 659 1522 placet
675 1463 813 1528 foeiuime
830 1476 891 1513 cum
909 1462 1002 1513 activo
1019 1464 1200 1514 coniunctum.

144 1528 219 1577 liam
236 1529 269 1576 ut
285 1526 343 1577 illis
361 1525 512 1580 nominibus
525 1530 685 1581 facillimum
698 1541 772 1581 esset
784 1531 973 1594 minimumque
987 1532 1090 1596 negotii
1106 1532 1199 1581 faces-

146 1606 224 1647 seret
251 1607 353 1659 capere
379 1609 444 1663 eos,
474 1601 509 1649 ad
525 1612 594 1663 quos
610 1600 803 1668 mittebantur,
829 1594 1037 1664 vercingetorix
1053 1603 1130 1651 certe
1147 1613 1200 1651 non

144 1667 272 1718 curabat.
306 1666 363 1716 Sed
380 1674 469 1717 tamen
486 1668 530 1731 qul
546 1669 678 1720 facillime
694 1671 903 1732 perfectorem
919 1677 1024 1734 potest,
1041 1669 1066 1719 is
1082 1671 1199 1720 maxime

144 1735 263 1786 idoneus
280 1734 321 1785 rei
338 1743 366 1783 et
384 1735 553 1798 potissimum
572 1740 607 1788 ad
625 1751 686 1788 earu
699 1741 857 1803 deligendus
867 1741 919 1790 est.
956 1741 990 1790 lit
1003 1739 1027 1788 si
1041 1739 1101 1803 quis
1114 1751 1199 1801 quae-

144 1807 209 1869 rat,
237 1816 290 1855 cur
314 1815 438 1869 qaorum
465 1807 729 1872 orasque-potem
752 1808 859 1883 potius,
890 1818 969 1870 quarn
987 1807 1199 1874 oui-possent

144 1873 248 1924 motum
270 1871 316 1937 sit,
334 1874 404 1925 allos
421 1874 530 1926 illorum
547 1875 624 1926 aliud
640 1877 770 1927 babuisse
786 1878 926 1941 reputans,
942 1888 994 1940 quo
1012 1888 1115 1940 capere
1132 1889 1198 1941 pos·

143 1943 228 2003 sent,
260 1955 323 1992 cum
345 1955 437 1993 rerum
462 1944 597 1995 divisione
614 1950 689 1996 recto
706 1956 882 2007 personarum
900 1946 1113 1996 distributionem
1131 1958 1198 1996 con-

144 2014 268 2063 iunctam
286 2023 350 2060 esse
368 2011 498 2063 inveniat.
531 2013 601 2077 copi
617 2026 685 2064 vero
701 2026 755 2065 uon
771 2013 859 2065 minus
873 2022 916 2062 est
929 2014 1025 2064 bonurn
1039 2017 1068 2063 et
1082 2009 1199 2063 Caesari

145 2079 296 2132 usitatum:
327 2082 360 2146 1,
386 2079 421 2130 40
439 2085 467 2146 s.
484 2084 518 2131 9:
547 2082 602 2132 boc
618 2080 756 2148 (ratione)
775 2095 812 2133 ne
835 2083 928 2146 ipsum
945 2082 1059 2148 onmem
1074 2094 1199 2147 operare

143 2152 266 2201 nostroe
291 2149 441 2201 coercitus
466 2149 532 2214 eope·
546 2165 640 2216 poete.
667 2150 729 2217 (oui
744 2154 806 2204 loco
823 2153 892 2201 buno
909 2152 1069 2202 adscribens
1087 2153 1198 2203 ouden-

148 2218 276 2280 dorpinrn
295 2217 455 2285 sequebar.)
482 2224 516 2284 b,
543 2224 578 2273 22
598 2220 624 2280 S.
642 2223 675 2270 ³:
700 2235 737 2272 ne
756 2220 880 2272 adsidam
899 2219 1104 2271 comceiodine
1120 2220 1201 2282 capti

146 2288 279 2341 studium
295 2287 359 2339 belli
375 2289 497 2353 pereadi
511 2291 578 2356 apri
593 2289 713 2341 coitura
729 2291 913 2341 commutent.
930 2290 957 2352 7,
975 2288 1009 2338 43
1029 2291 1056 2353 s.
1070 2295 1104 2341 ὃς
1121 2289 1200 2352 capii

144 2358 315 2422 compendio
341 2371 380 2408 em
403 2359 527 2421 direptis
553 2360 641 2410 boob.
678 2360 718 2411 lio
743 2362 852 2419 recepto
871 2357 991 2423 quicque
1009 2360 1046 2408 ad
1062 2359 1200 2420 principes

144 2428 319 2479 referendum
337 2430 365 2476 et
381 2438 507 2492 quorum
523 2441 584 2479 cum
598 2429 738 2479 ‘oratione
754 2428 871 2478 cubante
890 2436 917 2476 et
927 2427 1057 2478 amicitia
1069 2437 1198 2478 constru-

144 2498 245 2548 endum
269 2497 329 2559 est,
359 2499 429 2559 quod
452 2484 594 2561 utrumque
610 2498 852 2548 commodissimum
872 2508 980 2546 sensum
1001 2497 1095 2547 eflicit.
1130 2498 1200 2547 Nam
1247 2512 1252 2520 ⁸
1331 2532 1339 2545 .

144 2565 287 2629 principes
302 2575 408 2629 quoque
426 2567 474 2615 alii
493 2568 575 2616 aliter
591 2568 724 2617 facillime
737 2567 863 2629 poterant
875 2567 946 2631 capi,
963 2567 1032 2616 etin
1047 2564 1195 2629 deligendis
1236 2632 1242 2655 x

144 2705 262 2755 debebat
284 2702 513 2766 vercingetorix,
546 2717 564 2755 a
587 2706 684 2767 quibus
710 2706 824 2766 quisque
847 2702 979 2754 facillime
1005 2705 1068 2765 capi
1092 2711 1194 2765 posset.

145 2775 232 2824 Unum
251 2773 443 2823 incommodum
458 2780 511 2838 est,
529 2775 598 2836 quod
616 2786 740 2837 quorem
755 2772 894 2837 genitivos
910 2785 964 2823 non
981 2785 1017 2821 ex
1028 2773 1193 2834 pronomine,

145 2842 192 2895 cui
210 2841 349 2904 proximus
370 2843 423 2904 est,
439 2845 467 2891 et
483 2843 553 2902 quod
569 2844 740 2892 coniunctum
759 2843 858 2893 babere
876 2844 947 2894 solet
964 2842 1125 2907 genitivum,
1145 2843 1193 2889 sed
1271 2894 1273 2899 y

142 2908 179 2962 e'x
204 2911 356 2962 nominibus
380 2911 438 2960 illis
462 2912 544 2972 paolo
569 2911 761 2967 remotioribus¹
779 2912 885 2972 pendet.
919 2913 1024 2962 Verum
1043 2919 1134 2960 tamen
1151 2910 1193 2958 llis

143 2981 213 3043 ipsis
231 2980 368 3045 genitivos
387 2981 518 3030 suminus
538 2981 725 3044 necessarius,
742 2990 817 3030 certe
834 2990 888 3029 non
898 2979 1003 3030 inutilis
1017 2983 1070 3043 cst,
1087 2983 1115 3029 et
1127 2978 1193 3028 alibi

143 3051 215 3100 idem
232 3064 250 3100 a
267 3051 389 3111 proximo
406 3048 561 3111 pronomine
578 3050 745 3110 separandus
763 3052 790 3098 et
808 3051 842 3099 ad
860 3059 956 3097 nomen
974 3050 1055 3100 tertio
1071 3051 1129 3098 loco
1145 3061 1193 3108 po-

143 3121 229 3171 situm
252 3121 412 3168 referendus
434 3118 587 3169 invenimur
618 3116 653 3182 t,
677 3119 711 3168 27
729 3115 754 3182 §.
772 3122 806 3168 δε
837 3117 1003 3182 obsidesque
1019 3115 1194 3180 imperavit,-

145 3199 271 3254 puorom
295 3187 338 3237 illi
361 3190 477 3250 portem
500 3188 600 3239 atatim
619 3189 772 3238 dederont.
805 3186 837 3249 7,
856 3186 874 3235 8
891 3187 917 3245 S.
936 3188 969 3237 5:
1003 3197 1127 3252 qnorum
1145 3186 1193 3236 illo

142 3258 276 3323 precibus
292 3261 450 3320 peruectus.
472 3257 532 3307 Civ.
552 3260 578 3320 1,
597 3253 616 3305 4
634 3257 659 3316 S.
678 3255 711 3307 4:
729 3269 793 3305 cmm
813 3256 1004 3306 comilitonibus
1023 3255 1144 3305 inieritis
1161 3254 1193 3302 ic

143 3326 274 3394 praticae
293 3328 434 3390 redierat,
453 3339 577 3391 quorum
594 3327 654 3389 ipse
671 3327 828 3377 crtocimam
840 3329 957 3389 portem
970 3322 1194 3387 illoodlmitotis

146 3400 276 3460 tmepore
291 3397 472 3447 adiunxerat
488 3396 617 3447 Caesari.
652 3396 710 3446 lloc
729 3394 812 3457 igitur
828 3395 912 3443 scribi
928 3398 1008 3455 atque
1027 3396 1070 3442 eol
1087 3405 1102 3440 a
1121 3391 1203 3440 Cae-¹

145 3478 211 3516 sare
227 3466 331 3530 poluit,
356 3475 384 3514 et
401 3467 481 3530 inibi,
510 3466 581 3515 siin
600 3464 724 3515 omnibus
743 3463 817 3514 illius
835 3463 945 3526 generis
965 3462 1045 3512 libris
1064 3460 1192 3511 omissum

146 3538 237 3601 esset,
267 3536 332 3585 item
350 3543 380 3585 nt
403 3535 459 3585 alia
477 3533 505 3584 in
520 3537 609 3586 altero
629 3547 729 3598 genere
746 3537 822 3584 recte
840 3535 979 3581 servatum
996 3531 1192 3590 tenendumque

147 3606 300 3666 videretur3
332 3607 380 3654 sed
403 3617 509 3666 coprete
534 3605 575 3654 ita
598 3610 782 3665 comparatum
805 3601 891 3662 iisqne
916 3601 944 3650 in
962 3600 1040 3648 libris
1056 3603 1194 3660 repertum

145 3684 207 3741 eat,
228 3679 257 3724 ut
274 3685 323 3736 pro
338 3674 501 3734 interpolato
514 3674 609 3724 haberi
621 3675 669 3722 vix
681 3673 774 3733 possit.
801 3667 923 3719 ¹Accedit
935 3670 1016 3717 etiarn
1030 3668 1105 3728 illud,
1122 3669 1194 3730 quod

144 3743 289 3806 passivu-
315 3756 369 3793 non
397 3756 509 3804 prorsus
532 3743 708 3807 ambiguitate
733 3743 825 3802 earet,
856 3751 909 3802 qua
935 3740 1066 3800 deceptus
1091 3737 1193 3788 Franc.

144 3815 306 3876 Wagnerus
323 3810 450 3864 eontinet
467 3813 584 3863 moneor
599 3813 796 3874 interpretatus
814 3817 857 3859 est
874 3807 1020 3870 principes.

179 3908 243 3972 Μ
266 3911 433 3980 deminutae]
469 3911 538 3961 And.
561 3911 610 3962 iix.
637 3906 686 3962 Cu.
707 3911 735 3959 S.
751 3910 809 3958 l’et.
828 3907 905 3958 [reid.
923 3904 956 3956 Α.
981 3906 1063 3956 Vino.
1080 3908 1114 3964 Δ.
1132 3908 1194 3955 Alo.

145 3984 191 4032 ab.
210 3982 259 4032 tir.
277 3984 321 4030 ab.
340 3983 424 4037 Frell.
443 3983 521 4032 Turr.
540 3981 616 4042 Llps.
636 3981 678 4029 ln.
692 3979 741 4029 tir.
752 3981 822 4028 Dav.
837 3978 904 4027 0ud.
921 3977 1079 4027 dirroinutoe
1096 3975 1195 4035 reliqui

146 4052 256 4101 codices
275 4064 335 4100 cunr
353 4054 413 4101 edd.
435 4055 498 4100 ante
520 4050 579 4098 ald.
599 4048 740 4113 (distentio.
760 4049 831 4098 lieo.
849 4042 890 4112 a.)
907 4055 935 4095 et
952 4048 992 4094 St.
1011 4046 1041 4095 P.
1061 4048 1134 4096 Man.
1152 4044 1194 4094 cl.

147 4119 175 4170 iu
191 4122 280 4183 iisqne
300 4128 328 4169 et
344 4122 415 4172 llav.
433 4125 468 4172 Α.
486 4119 645 4180 discrepans
663 4131 683 4169 a
700 4118 824 4180 cognatis
841 4125 870 4164 et
882 4119 966 4179 Bong.
981 4118 1015 4165 Δ.
1030 4116 1076 4178 qui
1094 4111 1195 4162 ceteris

146 4189 175 4241 iu
191 4191 262 4244 locis
282 4201 375 4243 veram
395 4190 561 4254 scripturam
578 4189 675 4240 babet:
707 4189 741 4251 1,
769 4186 804 4239 18
820 4183 848 4252 §.
865 4182 884 4237 4
899 4185 1064 4250 destincte,
1081 4183 1116 4236 53
1132 4181 1158 4242 S.
1177 4183 1195 4228 b
