2700 4726
392 272 642 365 ernon.
685 270 877 344 curas
960 306 970 337 .
1126 270 1195 341 eoa
1284 264 1288 271 ·

114 464 184 531 tius
207 461 366 530 utendum
391 463 552 543 consilio,
582 464 614 529 si
641 483 698 528 res
726 467 826 547 cogat
852 466 952 548 atquc
975 455 1100 524 auxilia
1123 477 1194 523 mo-

112 559 250 632 rentur,
281 572 379 638 quem
403 560 463 617 aut
483 550 666 617 deditionis
688 556 747 615 cut
767 549 862 637 pacis
884 547 1091 614 subeundam
1113 566 1194 611 cou-

112 639 287 706 ditionem.
340 637 536 719 Mandubii,
563 639 621 725 qui
652 659 710 704 sos
729 635 853 724 oppido
874 640 1088 718 receperant,
1117 640 1235 700 cums

110 727 232 793 liberis
265 732 365 812 etque
398 725 559 792 uxoribus
593 725 683 790 exire
703 725 892 808 coguntur.
946 722 1013 802 Hi,
1045 742 1120 786 cum
1149 719 1237 785 att

111 816 314 881 munitiones
348 813 574 880 Romanorum
611 813 853 892 accessissent,
887 810 1006 875 tientes
1040 808 1194 875 omnibus
1276 830 1280 837 ·

110 904 271 993 precibus
297 910 413 983 orant,
435 908 476 967 ut
495 922 532 966 ss
555 900 590 965 in
612 901 808 968 servitutem
833 905 987 985 receptos
1008 895 1082 963 cibo
1101 897 1195 962 iura·

112 997 234 1143 miib
252 991 305 1141 iit
331 987 460 1056 Caesar
486 987 663 1076 dispositis
695 988 731 1054 iu
751 988 841 1055 valio
862 983 1060 1052 custodibus
1088 984 1194 1074 recipi
1216 981 1238 1049 5

111 1099 176 1168 Pro
200 1078 211 1142 i
235 1097 253 1141 Θ
278 1083 324 1144 ate

147 1267 221 1322 tione
243 1265 306 1323 atel
327 1266 443 1332 ccqnatt
467 1265 596 1330 scriptum
620 1274 671 1318 est.
705 1267 747 1317 De
767 1266 866 1317 crebre
883 1267 1027 1316 verborum
1050 1261 1198 1314 discedere

146 1349 177 1471 let
193 1337 608 1460 f{l5esectiretcaertgh'commutatione
634 1338 670 1388 cl.
696 1337 827 1389 Garatom
856 1338 891 1385 ad
914 1335 973 1386 cic.
997 1335 1093 1385 Plane.
1117 1344 1142 1381 c.
1163 1326 1198 1380 11

183 1493 211 1554 s.
227 1495 243 1541 2
261 1492 364 1559 lamen]
383 1490 452 1544 And.
468 1491 518 1543 ox.
536 1491 585 1544 (to.
602 1492 631 1559 8.
649 1487 746 1549 (Voss.
764 1493 796 1542 ab
814 1491 914 1551 saur.)
931 1488 1003 1540 ilev.
1018 1490 1050 1537 Δ.
1070 1485 1149 1538 vind.
1163 1487 1198 1537 A.

148 1564 212 1614 Ald.
230 1577 289 1625 sqq.
315 1566 445 1625 tempore
463 1564 486 1613 t.
503 1560 583 1612 vind.
602 1555 625 1608 1.
650 1563 671 1611 t.
689 1558 898 1622 temporibus.
918 1558 1057 1610 second.
1083 1558 1106 1606 t.
1124 1558 1199 1608 tem-

145 1644 219 1696 pore
242 1631 339 1694 reliqui
360 1632 428 1682 oud.
456 1632 546 1681 sant.
574 1629 659 1684 Goull.
683 1623 762 1680 Carr.
779 1631 838 1678 cod.
857 1630 935 1684 Turr.
950 1629 1008 1679 Pet.
1028 1627 1103 1679 solt.
1121 1627 1200 1690 llgm.

148 1704 220 1752 Lov.
247 1701 342 1751 Heius.
363 1701 447 1751 Febr.
472 1701 538 1750 utu.
565 1700 649 1760 flung.
668 1704 702 1748 ll.
728 1699 790 1748 Par.
808 1698 841 1747 A.
868 1699 953 1748 llaen.
976 1698 1022 1749 Dr.
1040 1696 1096 1747 All.
1118 1695 1200 1747 Vrat.

149 1771 229 1820 Asc.
254 1770 333 1820 Goth.
354 1769 385 1816 B.
412 1770 506 1818 llamb.
528 1768 581 1817 Gn.
606 1767 689 1816 Viud.
709 1766 833 1819 BGDEF.
856 1769 917 1816 edd.
936 1776 1000 1818 aute
1018 1766 1081 1817 Ald.
1115 1763 1200 1816 Culus

149 1838 323 1902 glossematis
347 1848 444 1885 sensus
468 1849 520 1886 riou
544 1834 649 1905 fugisse
673 1835 781 1886 videtur
804 1837 996 1898 Petrensium,
1023 1835 1070 1899 qui
1097 1835 1146 1899 18,
1164 1832 1203 1887 4⁷

150 1907 314 1958 senteutiam
337 1905 490 1968 Critognati
513 1906 626 1955 dilatam
652 1902 719 1954 dicit
744 1905 774 1955 tn
799 1907 911 1968 tenipus
934 1905 1053 1958 ultimae
1078 1903 1203 1989 uecessi-

147 1977 230 2029 tatis.

184 2059 212 2120 S.
231 2058 249 2110 4
266 2059 359 2118 oront]
376 2057 500 2109 orabant
517 2058 587 2106 And.
606 2057 657 2107 ox.
674 2055 724 2105 co.
743 2057 770 2104 S·
788 2056 864 2107 heiu.
880 2059 915 2106 A.
932 2059 1004 2108 Har.
1020 2060 1056 2112 Α.
1074 2058 1155 2108 vind.
1169 2060 1204 2108 Δ.

150 2133 214 2181 Alc.
232 2142 290 2193 sqq.
326 2129 359 2177 ld
376 2139 427 2176 uec
445 2127 592 2188 rationem,
611 2137 688 2187 quam
708 2124 789 2186 alibi,
808 2128 886 2175 velut
901 2125 930 2191 t,
947 2128 980 2175 11
998 2127 1025 2188 s.
1044 2129 1069 2191 1,
1086 2126 1204 2190 tote,

148 2200 232 2249 habet
248 2202 276 2247 et
293 2196 403 2258 propter
417 2196 559 2258 sequentia
574 2195 733 2254 imperfecte
752 2195 841 2257 magis
859 2201 1014 2257 suspectum
1033 2205 1084 2247 est.
1115 2198 1220 2249 Ptoou

152 2280 235 2329 sens,
261 2268 332 2330 quod
356 2264 456 2326 reliqui
481 2265 587 2313 codices
613 2268 640 2312 et
663 2264 1067 2331 euu.anteA1cumtcentur,
1089 2266 1206 2318 etiams

151 2337 279 2386 Diibuero
297 2342 436 2393 receptum
454 2345 471 2384 o
487 2331 650 2396 Nipperdeio
667 2333 760 2383 nescio
777 2345 861 2394 quare
879 2344 932 2383 non
951 2335 1098 2385 admissum
1117 2344 1169 2386 est.

186 2402 212 2463 S.
231 2403 248 2455 5
272 2402 321 2470 At]
350 2414 385 2453 oc
403 2402 481 2454 carr.
499 2403 557 2453 eod.
576 2403 655 2452 Turr.
674 2402 727 2455 Gn.
751 2405 822 2453 lunc
841 2403 900 2453 cod.
917 2403 1010 2466 steph.
1033 2404 1085 2455 bos
1104 2405 1153 2456 Dr.
1172 2403 1204 2456 Ι.

152 2475 215 2527 Alo.
234 2484 259 2521 s.
279 2481 307 2521 et
324 2484 382 2534 sqq.
401 2472 539 2533 usquead
557 2471 625 2521 oud.
1236 2526 1239 2531 ⁸

188 2541 360 2600 custodibus]
386 2539 524 2589 custodiis
541 2541 648 2588 codices
667 2538 763 2605 iidem,
787 2536 832 2601 qui
853 2539 991 2604 orabant,
1013 2544 1207 2595 simaeum

152 2613 214 2660 Ald.
232 2611 274 2660 ab.
301 2611 349 2662 Gr.
368 2621 394 2660 u.
421 2609 451 2658 P.
475 2611 548 2660 Man.
566 2609 645 2657 intr.
661 2608 738 2669 Line.
756 2621 815 2670 sqq.
841 2611 995 2660 tacentibus
1018 2612 1051 2661 de
1069 2613 1153 2678 Bong.
1171 2614 1206 2664 A.

153 2681 195 2730 Pl.
212 2687 240 2729 et
255 2680 289 2727 de
302 2679 356 2728 Gn.
375 2681 403 2728 et
420 2675 502 2727 vind.
516 2677 630 2728 Bcltlll.
648 2677 792 2740 anonymis
809 2678 906 2728 Dresd.
923 2681 969 2745 et,
985 2680 1030 2730 cul
1047 2682 1136 2732 miuus
1155 2681 1206 2733 tri·

171 2848 238 2912 cap.
256 2848 299 2901 78.
330 2845 393 2907 §.2
419 2846 561 2906 utendum]
598 2846 640 2896 cf.
684 2839 769 2924 nidos
787 2839 943 2915 μηδετέρων
963 2845 1032 2916 σφᾶσ
1056 2845 1208 2917 δεχομένων

118 2921 184 2973 adn.
203 2921 236 2969 ad
256 2921 289 2982 2,
309 2918 343 2968 10
362 2914 389 2976 S.
407 2913 434 2966 4.
685 2909 852 2978 οικτρᾶτατα
868 2910 1021 2969 ἀπώλοντο.
1053 2921 1138 2981 quue
1155 2934 1205 2970 ve·

168 2989 220 3050 §.5
234 2986 321 3048 recipi
335 2983 505 3046 prohibebat]
523 2983 564 3032 De
578 2992 642 3044 pro·
684 2982 826 3034 rislmilius
848 2992 908 3048 est,
933 2997 1014 3048 quam
1033 2991 1103 3049 quod
1121 2990 1208 3041 Hoto-

119 3057 238 3108 nominis
256 3054 347 3118 ellipsi
369 3055 406 3104 ct.
424 3054 487 3103 adn.
505 3064 545 3104 cr.
565 3052 599 3100 ad
617 3064 641 3100 c.
684 3064 799 3103 manuus
834 3053 976 3122 opinetur,
1010 3057 1055 3122 qui
1090 3059 1209 3121 sapienti

119 3127 157 3176 68
175 3125 200 3185 S.
220 3131 236 3177 3
262 3134 290 3174 et
315 3125 377 3175 edo.
397 3124 432 3173 acl
450 3125 486 3188 b,
510 3118 546 3170 ts
569 3118 596 3179 S.
617 3122 641 3170 1.
685 3119 839 3183 aposiopcsi
856 3135 933 3173 usum
950 3125 1119 3192 scriptorem,
1138 3129 1209 3190 quod

119 3199 190 3246 Nam
210 3195 248 3244 ito
271 3197 319 3244 lice
341 3193 441 3243 dictum
458 3187 643 3252 interpretari,
686 3190 761 3240 dictu
790 3191 906 3253 gravius
932 3198 1023 3260 esset,
1052 3197 1159 3248 occisos
1189 3209 1215 3247 s·

120 3273 153 3315 ut
171 3265 196 3312 si
213 3262 376 3313 Germanice
394 3263 500 3312 dicetur
517 3262 562 3315 bot
579 3258 644 3325 ὶίιιῐτ
686 3258 863 3310 caesarianis
881 3263 1028 3314 reticuisse
1044 3265 1120 3316 dicit.
1150 3262 1210 3317 lui-

121 3334 378 3404 qenonuenuatea,
394 3331 533 3393 eliquanto
551 3329 645 3380 durius
689 3327 786 3392 quiorc
809 3341 877 3379 vero
900 3334 929 3380 et
954 3334 1016 3395 quit
1039 3333 1111 3385 inter
1134 3346 1210 3386 com.

122 3405 242 3455 videtur.
272 3397 564 3462 Imperfectumautern
581 3409 645 3459 nro·
686 3395 835 3450 menterios
858 3401 939 3463 etque
959 3403 1098 3454 historiam
1122 3402 1210 3455 luter-

122 3471 233 3524 hibendi
260 3472 391 3520 actionem
415 3480 469 3521 tam
494 3469 539 3518 diu
557 3466 646 3520 conti·
688 3469 739 3532 sit,
758 3479 851 3527 parum
864 3471 989 3521 curantis
1003 3476 1122 3535 essunt,
1141 3484 1211 3534 quse

123 3543 234 3592 nuttam
260 3538 413 3602 significat,
437 3539 525 3600 quoad
543 3536 585 3587 illi
608 3537 645 3599 id,
688 3537 842 3596 Leopoldus
860 3535 957 3590 Veccb
983 3542 1160 3605 Berliuglueri
1181 3540 1210 3592 iu

124 3611 194 3673 quod
214 3619 296 3671 agere
316 3608 508 3667 insumerent,
526 3616 555 3656 ut
572 3605 645 3656 reci·
689 3607 824 3657 Eunonen
846 3607 898 3656 des
921 3608 1086 3671 operatione
1110 3613 1140 3663 et
1160 3610 1212 3663 dee
1299 3618 1301 3623 '

123 3686 264 3744 petentur,
282 3678 407 3735 arebant.
428 3676 552 3726 Ceterum
568 3687 645 3738 quem
689 3679 822 3727 trouoou
836 3675 966 3728 dederat·
977 3692 1016 3729 ou
1027 3679 1103 3746 ste'qe
1116 3676 1213 3733 d’Ate-

124 3748 167 3799 illi
194 3746 293 3795 exitum
317 3745 475 3806 habuerint,
505 3758 591 3808 ueqne
618 3744 646 3793 iu
689 3745 749 3810 sla,
777 3745 822 3806 qui
838 3746 950 3797 libera.
970 3748 1039 3799 18l2
1061 3754 1121 3811 post
1138 3762 1212 3803 mor·

125 3816 351 3879 Ethemeridibus
391 3813 523 3874 scriptum
559 3813 647 3863 fuisse
690 3817 744 3865 tem
771 3816 891 3865 auctoris
922 3816 1010 3867 editus
1038 3822 1081 3869 est
1103 3820 1213 3871 buccae

125 3898 214 3948 neque
229 3894 325 3947 postea
339 3896 389 3933 our
401 3882 561 3946 inquireret,
579 3882 648 3932 satls
691 3884 763 3944 apud
780 3882 945 3950 Bertinium,
970 3888 1005 3935 ad
1029 3889 1100 3937 bouc
1122 3890 1213 3939 lecum

127 3965 230 4006 causac
258 3956 369 4016 putasse
394 3952 500 4002 caesar
525 3951 648 4003 videtur:
691 3953 821 4003 eduntote
845 3952 955 4016 reliquit
976 3969 1002 4018 p.
1020 3953 1088 4007 14²:
1116 3957 1160 4009 lin
1177 3970 1214 4009 ne

128 4037 146 4075 a
171 4022 277 4073 neutris
300 4029 424 4081 receptos
448 4021 521 4071 lame
544 4021 649 4082 perisse
692 4020 738 4072 ott
754 4023 836 4084 point
855 4025 919 4087 quel
936 4025 986 4089 fut
1002 4025 1029 4076 le
1040 4028 1106 4076 sort
1118 4027 1154 4080 de
1167 4039 1215 4078 ces

127 4093 181 4146 Dio
200 4091 335 4156 significat
351 4089 403 4152 to,
423 4087 474 4141 40:
494 4085 524 4140 ἓν
543 4083 583 4154 τῷ
599 4089 651 4156 μὲ-
693 4090 883 4143 malbeurelltt'
892 4106 904 4152 ,⁰
926 4093 999 4147 e’est
1016 4108 1073 4146 ane
1085 4096 1136 4147 des
1151 4096 1214 4146 clr-

125 4180 165 4228 oqt
190 4155 238 4228 τῆς
260 4156 365 4217 πόλεως
390 4162 437 4212 καὶ
459 4153 510 4212 τοῦ
532 4175 650 4225 orooro·
693 4162 861 4214 constantes
894 4163 945 4228 qul
977 4164 1104 4218 densent
1134 4159 1153 4215 d
1182 4176 1215 4217 ce
