2700 4726
172 258 243 329 ut
300 232 303 237 ’
430 211 509 329 nn
535 256 718 329 nereo
750 256 1004 330 einrico

136 440 283 513 1⁰siunis
308 467 384 515 esne
411 468 505 531 rent,
538 470 606 517 nou
635 448 781 538 proelii..
822 449 888 517 His
910 448 1013 515 rebus
1036 447 1201 537 expositis
1222 447 1271 515 si-

178 556 279 621 gnnm
315 533 376 601 dat
410 542 447 602 et
484 535 526 603 nh
567 536 687 603 dextra
728 545 825 625 perte
863 538 933 603 aliu
970 558 1112 603 escensu
1150 536 1270 603 eudem

179 631 331 712 tempore
368 621 530 692 Haeduos
575 627 694 694 mittit.
766 627 823 694 46.
886 624 1017 713 Oppidi
1064 647 1184 692 tuurue
1227 624 1271 688 ab

204 712 322 777 lenitie
363 719 465 798 utque
494 712 593 779 initio
625 732 785 783 aseensus
802 718 910 778 'reeta
938 714 1095 798 regione,
1134 714 1167 780 ei
1195 714 1273 777 nul-

195 820 237 867 us
287 799 470 867 nmiruetne
520 800 767 883 intercederet,
816 799 926 870 lice.
972 822 1095 891 pessus
1143 801 1293 895 ubttret.¹

251 948 280 1010 s.
297 948 333 999 1⁰
358 949 457 1001 «lextra
473 951 566 1014 uerte]
584 953 696 1019 ‚,lleug.
714 954 748 1005 A.
766 953 850 1005 voss.
868 951 946 1003 Allc.
964 948 1044 1003 ox.“
1061 950 1125 1003 l’er.
1144 947 1178 1000 A.
1197 949 1275 1001 (tutt.

215 1031 273 1068 eeu·
289 1018 394 1072 Wbitt.
408 1048 411 1053 -
423 1021 474 1070 Dr.
489 1016 523 1072 A.
547 1023 629 1074 Vrat.
647 1025 681 1073 A.
708 1016 778 1073 Ven.
801 1022 839 1075 el.
863 1023 941 1075 Turr.
965 1034 994 1086 p.
1017 1022 1130 1073 deutra
1147 1021 1221 1072 llnv.
1240 1022 1276 1070 A.

216 1085 300 1207 {dini
316 1091 353 1208 Ao.
370 1088 497 1210 degtera
511 1102 541 1155 p·
558 1090 658 1156 reliqui
676 1093 752 1143 eund.
770 1092 799 1141 et
816 1092 876 1142 edd.
892 1092 974 1142 etiem
989 1091 1057 1142 Ontl.
1092 1089 1134 1142 ci.
1151 1091 1215 1140 eun.
1233 1103 1275 1140 er.

148 1202 152 1207 .
275 1159 334 1221 r‚r
371 1159 398 1219 s.
434 1195 441 1212 .

252 1225 394 1288 Haeduos]
426 1223 497 1278 And.
525 1226 577 1279 ox.
602 1226 651 1278 cn.
676 1229 704 1278 s.
729 1227 806 1280 bell.
825 1229 859 1278 A.
878 1228 952 1283 llev.
973 1229 1004 1280 A.
1021 1227 1104 1280 Viutl.
1123 1221 1157 1277 A.
1175 1228 1220 1286 et,
1252 1225 1279 1278 si

218 1298 295 1346 reete
312 1297 382 1347 silet
395 1296 447 1359 Pl..
464 1298 548 1361 Βοῦς.
561 1299 607 1362 Δ.,
624 1310 701 1360 quent
715 1297 782 1347 uun.
795 1295 1002 1364 ‚‚reliquurum“
1019 1306 1131 1348 numeru
1145 1297 1185 1347 aa
1197 1296 1278 1347 llae-

218 1364 292 1416 duus
310 1366 494 1417 exhibentium
512 1379 565 1418 nun
581 1366 691 1417 exemit.
727 1365 779 1417 llis
796 1368 910 1431 reliquis
926 1366 1121 1419 adnumerandi
1139 1374 1203 1416 sunt
1218 1366 1279 1418 Pet.

219 1433 295 1486 Gutt.
315 1435 398 1489 voss.
416 1431 449 1488 A.
468 1438 544 1497 Egm.
564 1438 631 1488 ιον.
650 1437 718 1487 Lbb.
735 1439 919 1500 acceduntque
938 1438 1020 1500 flung.
1040 1433 1072 1487 C.
1090 1437 1154 1486 Par.
1173 1435 1208 1490 A.
1226 1436 1279 1485 Dr.

219 1504 353 1565 A.,Vrnt.
368 1504 446 1556 Alto.
465 1505 545 1556 Goth.
564 1507 593 1556 B.
611 1506 664 1555 Gn.
684 1505 765 1555 Viutl.
786 1500 925 1556 seueri.
942 1507 1001 1556 eutl.
1021 1514 1084 1556 ente
1103 1504 1165 1555 Altl.
1183 1514 1280 1567 mergo

217 1570 306 1625 Fr'ell.
341 1573 372 1625 In
390 1576 438 1624 Dr.
455 1575 485 1623 lt.
505 1574 540 1626 ab
556 1573 673 1638 Aeduus,
692 1575 721 1624 in
738 1575 833 1624 llumb.
852 1575 975 1646 atetluur
992 1574 1100 1639 legitur.

255 1641 323 1709 Cup.
338 1640 383 1693 ts.
398 1642 425 1703 S.
442 1648 456 1695 l
476 1643 573 1705 operti
590 1644 696 1704 murus]
715 1657 740 1692 u.
757 1656 840 1694 moue
854 1644 932 1695 Leltl.
947 1646 977 1698 ll.
996 1658 1023 1696 u.
1042 1641 1137 1694 murts
1153 1640 1230 1692 beiti.
1245 1642 1283 1691 A.

219 1721 248 1767 u.
274 1725 375 1763 murus
391 1714 482 1779 'Voss
508 1709 565 1764 Ac.
593 1715 669 1769 llum.
693 1712 769 1764 Leid.
794 1713 826 1763 c.
852 1713 926 1764 the.
952 1727 1008 1765 see.
1035 1712 1137 1766 Wbitt.
1161 1712 1228 1766 Per.
1245 1714 1283 1761 A.

220 1781 301 1831 Vrnt
320 1785 345 1831 A
363 1788 391 1830 et
408 1793 426 1831 u
443 1794 477 1831 nt.
500 1795 542 1843 pr.
558 1782 588 1830 ll.
606 1782 658 1831 (iu.
678 1794 782 1833 murus
802 1796 820 1833 e
836 1782 920 1833 Vintl.
939 1787 1090 1834 Acutum
1109 1795 1136 1832 u.
1155 1780 1229 1832 llev.
1247 1783 1282 1829 A.

221 1851 328 1917 oppida
346 1862 447 1902 murus
467 1851 511 1900 Dr.
531 1851 566 1900 A.
584 1850 622 1902 ud
638 1853 735 1913 uuuiut
752 1864 854 1903 murus
872 1854 954 1915 flung.
974 1856 1008 1902 A.
1028 1853 1086 1902 Pet.

256 1918 305 1987 ab]
330 1934 349 1971 u
367 1916 499 1986 ,‚rnulti“
518 1921 589 1970 llav.
605 1922 639 1969 A.
657 1920 739 1971 Viutl.
760 1923 807 1971 Al.
826 1922 923 1971 liumb.
941 1925 980 1974 St.
999 1923 1049 1972 Gr.
1069 1920 1095 1969 b.
1112 1918 1202 1972 tirell.
1236 1916 1281 1967 Gi.

221 1988 284 2039 etin.
310 2002 350 2040 cr.
376 1991 413 2039 etl
432 1991 465 2054 6,
498 1989 531 2037 21
553 1988 580 2049 s.
598 1993 624 2044 3.
648 1991 681 2039 ut
699 1991 782 2057 llung.
800 1992 833 2041 A.
851 1991 889 2042 tet
905 2005 932 2042 u.
953 1992 1013 2043 Pet.
1032 2003 1091 2041 see.
1108 1989 1179 2040 0ntl.
1198 1985 1247 2039 ubi
1264 1999 1284 2038 u

222 2067 280 2109 see.
298 2057 383 2108 Febr.
402 2058 449 2109 ubi
466 2055 530 2125 (ab)
549 2070 605 2108 see.
624 2057 709 2109 conl.

257 2125 407 2194 ascensus]
424 2140 558 2180 recensete
574 2129 645 2181 And.
661 2139 783 2179 necem
800 2127 897 2180 lienb.

254 2199 345 2258 reete]
365 2212 384 2250 u
405 2208 434 2256 r,
452 2196 529 2248 Leitl.
547 2199 581 2248 A.
604 2199 666 2261 post
686 2197 806 2263 reulum
821 2198 894 2250 Veu.
913 2198 935 2251 i.

255 2278 355 2342 Most]
388 2282 431 2333 Μ,
453 2279 528 2332 00⁰⁸
554 2268 601 2320 Dr.
621 2269 654 2319 A.
678 2268 709 2319 iu
725 2267 773 2318 00
792 2268 863 2319 bur.
892 2268 975 2320 Febr.
998 2264 1078 2317 mitte
1094 2262 1142 2316 00
1160 2261 1244 2315 vind.
1262 2264 1285 2314 l.

222 2367 300 2419 mmo
318 2354 408 2418 octor
431 2353 515 2402 Voss.
534 2351 567 2404 A.
591 2351 673 2403 Febr.
696 2352 776 2403 mille
801 2353 920 2404 ducenti
944 2353 1021 2416 ngm.
1046 2350 1130 2401 Febr.
1150 2346 1231 2402 Vrat.
1250 2351 1284 2399 A.

146 2467 149 2471 -
221 2437 320 2488 llamb.
339 2433 457 2554 OOon:
480 2434 540 2484 Pet
560 2445 619 2485 seo.
637 2434 707 2485 outl.
724 2438 753 2486 et
770 2435 855 2485 ll'ebr.
872 2436 957 2497 liung.
976 2428 1009 2484 C.
1029 2447 1088 2485 see.
1104 2434 1193 2487 conl.
1212 2435 1284 2486 llev.

220 2508 258 2560 A.
275 2504 358 2560 Vintl.
403 2536 410 2552 .

255 2573 369 2638 pessus]
388 2584 465 2637 pure.
485 2569 568 2624 Vintl.
588 2571 622 2621 A.
638 2583 778 2635 passuum
796 2572 869 2621 llev.
886 2571 920 2619 A.
941 2580 994 2621 um.
1012 2563 1094 2620 Vini.
1114 2569 1137 2621 l.

257 2638 367 2707 eberat]
387 2641 509 2692 aberunt
524 2642 576 2692 01.
592 2665 629 2676 -
646 2640 677 2690 Si
692 2641 770 2691 initio
787 2639 868 2690 buius
882 2642 900 2703 s
915 2640 1059 2690 lectionem
1075 2637 1178 2689 codicis
1194 2636 1287 2702 optimi

224 2707 279 2779 (uri
297 2710 396 2776 oppidi
413 2715 530 2770 murus)
548 2713 687 2760 servatum
705 2713 850 2774 volumus,
874 2722 909 2757 ex
929 2722 983 2770 que
1000 2720 1054 2759 non
1072 2710 1159 2759 solnm
1177 2710 1217 2760 ud
1236 2711 1287 2760 sub

225 2782 306 2833 fineur
330 2792 390 2842 cup.
416 2778 568 2843 superioris
592 2787 655 2829 ente
681 2779 816 2831 Haeduos
842 2778 871 2828 in
896 2778 1010 2839 reliquis
1034 2776 1155 2827 eiusdem
1175 2778 1288 2843 generis

225 2850 316 2913 libris,
334 2850 382 2898 setl
400 2849 482 2899 etium
499 2847 592 2900 murts
613 2851 642 2898 et
659 2861 761 2900 muros
777 2849 806 2899 iu
824 2847 929 2898 diversi
946 2846 1055 2908 generis
1074 2847 1180 2898 tluubus
1198 2846 1287 2912 urigi-

225 2932 288 2972 uem
306 2920 407 2968 ducere
424 2917 643 2981 verisimilem,
660 2926 710 2968 eut
727 2920 789 2980 post
806 2929 908 2967 murus
921 2916 1044 2967 inserere
1057 2915 1172 2981 eliquit,
1193 2931 1288 2980 quern-

226 2988 370 3042 admodum
388 2987 491 3039 codicis
508 2988 567 3036 Pet.
586 2986 688 3051 scribe,
708 2987 753 3050 qui
770 2986 836 3047 ubi,
856 2999 908 3037 uun
926 2985 980 3050 ibt,
997 2984 1147 3049 scripsisse
1168 2986 1288 3051 ridetur,

228 3062 277 3110 unt
296 3059 345 3108 boe
363 3061 512 3108 extremum
530 3056 633 3108 aberat
651 3058 758 3107 mutare
776 3055 950 3109 debemuslu
967 3055 1063 3115 erunt.
1080 3062 1111 3105 ut
1125 3055 1160 3106 ub
1172 3056 1289 3117 planitie

229 3129 266 3179 ed
290 3138 383 3177 murus
406 3127 480 3178 mille
506 3125 616 3176 (lucenti
641 3136 743 3186 passus
766 3135 830 3175 erse
856 3125 990 3176 dicuntur.
1033 3124 1102 3173 Nem
1127 3126 1198 3189 quod
1219 3126 1289 3177 ond.

229 3198 440 3249 commemoratu
457 3196 560 3247 conteis
579 3197 665 3258 Bung.
683 3196 718 3246 A.
736 3194 854 3246 lectione
871 3194 987 3244 adiecit:
1004 3192 1111 3259 „quasi
1128 3194 1214 3245 inerit
1231 3194 1290 3246 Ae-

229 3267 302 3318 duus
327 3265 421 3318 mittit
444 3266 484 3316 aa
500 3264 601 3329 uppttte'
618 3277 727 3315 murus.
761 3263 802 3316 At
820 3264 939 3326 planitie
961 3275 1000 3312 se.
1020 3273 1124 3314 murus
1139 3263 1188 3313 vel
1205 3265 1291 3329 uppi-

228 3332 345 3403 tium“,
374 3335 403 3385 ei
425 3334 522 3386 merito
550 3334 618 3386 nibil
640 3334 734 3384 tribuit
756 3333 817 3397 lpse
841 3332 912 3394 „Nil
929 3335 1033 3382 temere
1052 3327 1154 3402 mutef‘
1173 3334 1288 3385 eduens.

228 3406 344 3471 Erunt,
377 3404 403 3456 si
425 3403 554 3455 maiorem
579 3403 755 3456 uerticibus
774 3402 1033 3453 nonmentlationem
1050 3402 1180 3468 luberet,
1205 3402 1290 3455 etieln

233 3475 346 3540 propter
370 3473 513 3538 sequentia
535 3472 673 3540 quicquid
687 3472 755 3525 bute
770 3481 825 3526 ete.
844 3470 915 3523 setis
931 3473 1071 3536 plaeeret3
1100 3470 1291 3537 sedquoniam

247 3587 274 3650 s.
295 3588 330 3639 10
348 3589 458 3654 signum
470 3589 531 3651 det]
549 3587 593 3639 Gi.
609 3589 672 3638 adn.
686 3587 723 3638 etl
816 3584 885 3650 Ceu.
904 3585 947 3637 te.
972 3588 999 3648 S.
1023 3591 1039 3640 1
1064 3589 1144 3638 reete
1163 3585 1292 3655 regione]

193 3657 228 3722 2,
258 3656 294 3707 20
320 3657 348 3718 S·
376 3662 391 3708 1
417 3660 488 3708 extr.
528 3656 589 3708 lloe
614 3658 723 3722 rignum
766 3655 811 3709 Gi.
836 3658 899 3709 adn.
925 3659 962 3708 atl
982 3658 1017 3723 b,
1043 3658 1078 3709 25
1096 3655 1124 3718 8.
1142 3661 1160 3709 2
1178 3660 1207 3707 et
1225 3658 1291 3709 civ.

193 3736 251 3776 nun
270 3726 385 3791 legatis,
406 3729 457 3777 sed
476 3725 610 3779 militibus
629 3728 723 3777 letum
765 3729 793 3792 2,
811 3722 847 3777 24
864 3725 889 3794 i.
906 3725 939 3777 t:
959 3726 1039 3778 abest
1055 3727 1291 3779 direetuttiuere

195 3806 260 3844 esse
280 3807 341 3844 cnm
358 3808 410 3858 per
428 3810 461 3849 se
488 3798 580 3859 petet,
611 3798 668 3848 tum
688 3811 724 3846 ex
763 3796 798 3848 ab
820 3799 903 3866 Vtica
926 3798 1014 3860 paulu
1038 3796 1164 3862 amplius
1186 3808 1292 3861 puteus

194 3874 220 3913 e.
237 3862 272 3915 ⁴6
288 3862 315 3923 S.
330 3861 349 3913 4
365 3866 544 3933 intelligitur,
563 3879 649 3931 eoque
661 3878 723 3918 rne-
764 3865 849 3919 mille.
884 3868 942 3920 sed
957 3866 1010 3917 bue
1028 3866 1137 3919 itinere
1153 3868 1199 3919 est
1212 3867 1293 3935 fens,

190 3931 240 4004 'gis
257 3933 413 3984 verisimile
430 3934 463 3984 lit
482 3938 532 3986 bas
550 3949 608 4001 res,
626 3936 723 3999 quibus
766 3949 822 4003 quo
839 3948 921 3989 mure
931 3937 1061 3988 succedit
1074 3935 1197 4002 luuntur,
1215 3937 1293 3988 tute-

196 4001 332 4062 expositis
345 4003 436 4055 datum
446 4006 634 4073 essedicitur,
648 4006 722 4070 apud
765 4018 820 4071 que
836 4007 861 4057 ie
877 4009 957 4058 tetus
975 4008 1131 4072 restruunt
1137 4018 1151 4065 ,·
1166 4018 1251 4071 queut
1265 4004 1294 4056 ei

195 4072 308 4122 eusdem
331 4073 435 4125 milites
461 4086 480 4125 a
507 4073 631 4129 currere
658 4088 723 4127 esse
766 4076 817 4141 qut
834 4076 934 4128 etture
952 4076 1091 4140 vuluerit,
1108 4089 1163 4129 reu
1181 4070 1294 4127 mitium

195 4142 350 4205 expositus.
385 4142 428 4196 cl.
442 4145 507 4198 edu.
523 4144 594 4199 nile.
607 4142 721 4225 47531.
764 4143 896 4201 uirtute
912 4145 944 4199 tu
960 4145 1097 4213 oppidum
1112 4146 1258 4213 peruenit.
