2700 4726
412 246 542 362 ¹eut
563 289 646 362 vu.
690 289 811 363 eur.
833 296 878 361 rr
1072 350 1073 355 .
1137 295 1203 363 sor

117 477 277 566 poribus,
298 479 357 565 qui
376 484 487 545 aetate
503 479 545 545 ad
561 480 687 547 bellurn
704 479 844 548 inutiles
862 478 1078 560 videbantur,
1100 481 1203 547 vitam

117 568 349 633 toleraverunt
370 588 479 654 nequo
499 589 537 631 se
558 568 715 634 hostibus
745 568 973 635 tradiderunt.
1024 567 1132 637 Cuius
1152 570 1256 636 rei12

74 722 77 727 ,
117 654 148 720 si
168 656 354 742 exemplum
376 676 440 720 nou
462 655 681 735 haberemus,
705 663 817 722 tamen
836 655 1006 722 libertatis
1028 677 1128 722 causa
1151 656 1203 720 iu·
1305 665 1310 673 '

117 742 215 807 stitui
239 751 274 806 et
291 743 439 830 posteris
464 743 562 829 prodi
587 744 849 831 pulcherrimum
872 744 1068 813 iudicarem.
1111 740 1254 827 Natali

116 828 198 916 qnid
223 830 275 894 illi
302 830 414 897 simile
443 830 533 896 bello
561 825 650 898 tuit?
692 830 910 921 Depopulata
933 831 1047 898 Gallia
1071 828 1203 898 Cimbri

115 938 302 1005 magnaque
327 918 431 1007 inluta
463 919 656 1003 calamitate
682 919 805 986 linibus
829 919 962 1009 quidem
987 917 1116 983 uostris
1139 919 1202 984 alt»

1281 338 1290 373 Ι

115 1006 247 1091 quando
272 1014 488 1072 excesserunt
520 1013 621 1093 atque
644 1007 730 1072 alias
753 1018 864 1075 terrae
887 1008 1076 1096 petierunt:
1113 1006 1200 1086 iura,
1287 1030 1290 1037 ·

114 1094 229 1177 leges,
264 1113 380 1177 egros,
413 1094 606 1160 libertatem
644 1096 743 1163 nobie
775 1097 1000 1182 reliquerunt.
1056 1091 1201 1158 Romani
1213 1092 1252 1162 tt

113 1202 193 1246 vero
226 1179 308 1268 quid
333 1188 455 1269 petunt
482 1181 593 1259 aliud,
625 1189 683 1246 aut
712 1183 792 1269 quid
816 1187 947 1261 volunt,
976 1180 1041 1245 uisi
1074 1178 1199 1244 invidia
1291 1223 1294 1233 .

112 1266 249 1333 adducti
279 1289 364 1355 quos
391 1271 480 1335 lama
508 1267 637 1336 nobiles
668 1277 890 1359 potentesque
917 1269 1007 1334 bello
1038 1286 1200 1351 cognove-

111 1363 212 1436 runt,
230 1357 347 1422 horum
371 1357 405 1422 in
427 1359 518 1443 agris
540 1357 803 1447 civitatibusque
824 1358 998 1425 considere
1024 1362 1126 1441 atque
1144 1353 1199 1420 his
1279 1381 1287 1399 =

112 1451 282 1509 aeternam
308 1443 483 1531 iniungere
509 1437 732 1511 servitutem?
775 1444 895 1535 Neque
924 1444 1012 1510 enim
1040 1452 1197 1528 umquam

179 1603 214 1653 ad
232 1603 330 1653 beilum
347 1603 472 1665 inutiles]
492 1606 551 1656 Pet.
568 1605 652 1657 Voss.
668 1610 702 1656 A.
720 1608 797 1668 ligio.
817 1606 889 1655 (icit.
907 1605 988 1654 Febr.
1005 1603 1088 1664 Boug.
1102 1603 1138 1651 A.
1154 1600 1198 1649 ΡΙ.

146 1671 211 1721 Par.
231 1674 263 1719 A.
282 1673 368 1724 Hnen.
387 1676 435 1725 Dr.
452 1677 507 1725 AB.
526 1677 606 1726 Vrat.
624 1676 703 1727 Aac.
722 1677 801 1726 Goth.
823 1676 851 1722 ii.
871 1675 967 1724 iiamb.
986 1673 1040 1722 Gn.
1058 1672 1118 1723 edd.
1136 1678 1198 1727 aute

144 1741 224 1859 cAeltlte
238 1741 301 1859 {Ed
304 1744 335 1868 1))
361 1744 446 1794 Freii.
470 1745 488 1794 i.
515 1747 553 1795 od
578 1746 601 1795 Ι).
627 1747 713 1802 (flav.
733 1747 782 1802 A.)
807 1745 887 1829 ῩΙηΙΙ.
907 1746 941 1794 A.
968 1743 1028 1794 edd.
1052 1741 1113 1791 rell·
1138 1741 1199 1797 (ta-

181 1878 208 1938 S.
222 1878 256 1926 13
272 1876 370 1945 inlata]
388 1912 396 1928 .
416 1913 424 1932 .
444 1911 450 1925 ·
470 1879 552 1932 Febr.
569 1885 667 1941 (itone.
682 1878 714 1932 A.
734 1883 790 1937 Pi.)
808 1881 874 1930 Par.
889 1883 922 1930 A.
943 1881 1022 1932 Vrat.
1037 1882 1072 1932 A.
1089 1888 1143 1930 uon
1158 1878 1200 1926 ili.
1304 1871 1313 1893 “

181 1946 332 2015 petierunt]
362 1948 534 2012 patuerunt
557 1953 606 2003 0x.
630 1951 705 2002 locid-
724 1953 779 2000 Ab.
804 1952 831 1998 S·
853 1950 927 1999 iiav.
944 1953 978 2000 A.
1003 1944 1083 2001 vinu.
1101 1949 1136 1999 A.
1158 1950 1198 1996 st.

145 2015 189 2067 ct.
208 2018 270 2069 adn.
285 2029 324 2067 er.
342 2019 377 2068 ed
392 2015 427 2081 l,
444 2020 479 2069 27
497 2019 524 2078 S.
541 2019 561 2072 4
583 2020 748 2085 (potierant
765 2021 842 2069 Rom.
859 2023 901 2076 a.)

183 2083 210 2144 S.
229 2082 265 2134 14
279 2088 420 2147 umquam]
444 2120 462 2152 ,‚
469 2087 516 2138 Sic
534 2089 595 2143 Oui.
612 2091 686 2139 soei.
704 2090 735 2139 b.
756 2102 796 2150 pr.
816 2087 953 2136 01.And.
978 2084 1021 2134 uta·
1038 2082 1096 2132 Pet.
1119 2079 1198 2131 ileli-

146 2154 238 2214 quiet
257 2157 321 2205 lidd.
343 2169 386 2217 pp.
412 2171 440 2205 u.
458 2159 527 2207 utto.
561 2161 614 2209 sed
632 2161 749 2219 Metapa.
773 2150 858 2210 iiiut
880 2148 1062 2205 οὖπώποτι.“
1097 2151 1130 2200 lu
1155 2149 1197 2199 his

144 2233 200 2272 nou
219 2226 305 2274 sotum
323 2224 357 2286 d,
375 2226 425 2273 sed
442 2226 524 2277 etiam
540 2239 568 2278 et.
585 2231 649 2278 aute
667 2229 727 2277 uilo
745 2237 839 2276 errore
856 2235 997 2285 operarum
1014 2216 1130 2281 positum
1145 2220 1198 2272 ast.

89 2307 93 2313 ·
147 2293 207 2342 Nou
224 2307 363 2356 umquam
378 2296 454 2362 ullo,
479 2296 528 2346 sed
550 2298 636 2347 solutu
653 2299 713 2346 uilo
737 2308 786 2358 pro
805 2306 938 2356 umquam
958 2291 1060 2351 iegitur
1076 2290 1103 2338 iu
1120 2285 1196 2339 Gerr.
1279 2291 1284 2311 '

145 2363 204 2413 cod.
216 2364 296 2415 Ture.
313 2366 396 2414 Voss.
410 2366 444 2414 A.
462 2365 540 2430 Egm.
554 2364 627 2418 Lot.
647 2367 723 2416 nott.
739 2367 806 2416 bbb.
826 2364 909 2426 liung.
925 2365 958 2412 A·
978 2361 1042 2410 Per.
1061 2362 1093 2410 A.
1111 2358 1198 2407 licen.

162 2515 247 2573 vitam
275 2516 477 2585 toleraverunt]
508 2518 551 2570 ct.
570 2521 632 2571 adn.
677 2520 896 2582 quemadmodum
917 2515 1014 2566 Cicero
1038 2512 1104 2563 dixit
1121 2510 1198 2563 Fam.

69 2618 73 2629 .
109 2585 143 2635 ad
171 2586 202 2649 t,
225 2585 261 2635 28
292 2587 319 2646 s.
341 2590 367 2636 2.
401 2587 632 2654 „Plureeorum
676 2592 710 2653 9,
738 2590 771 2637 21
798 2587 864 2647 §.l
898 2585 975 2648 Quid
1001 2583 1078 2635 enim
1103 2580 1198 2633 ebutio

111 2663 174 2703 suot
192 2657 333 2720 exemplo,
352 2668 420 2717 quos
439 2659 570 2709 beliorum
588 2661 633 2708 ui·
675 2659 759 2709 babet
785 2654 908 2720 epistola
931 2656 984 2713 uot
1013 2651 1119 2704 iudicio
1146 2653 1197 2702 out

109 2724 190 2782 tima,
208 2736 292 2772 casus
309 2725 442 2789 extremi,
458 2727 557 2788 longae
572 2727 634 2777 dire
675 2721 828 2779 conciunt?

110 2792 261 2844 obsidionis
279 2794 406 2859 egestas,
423 2797 454 2843 ut
472 2796 505 2843 de
521 2798 633 2845 Vasco·
726 2791 845 2857 quidem]
866 2791 908 2842 ct.
922 2793 984 2841 adn.
999 2792 1039 2840 ad.
1049 2789 1076 2852 5,
1088 2788 1123 2840 ld
1136 2787 1162 2849 S.
1171 2790 1198 2838 6.

109 2861 191 2912 uibus
209 2863 306 2911 loven.
325 2862 389 2924 XV,
409 2861 453 2914 95.
479 2875 563 2913 cerne
582 2867 633 2912 hu·
726 2864 754 2923 S.
773 2862 808 2914 14
827 2863 947 2922 adducti]
975 2859 1017 2910 ci.
1038 2860 1100 2910 adn.
1119 2859 1154 2908 ad
1172 2858 1198 2920 1,

110 2944 192 2981 mana
210 2932 294 2980 vitem
312 2935 384 2980 tueri
402 2935 558 2994 coegerunt.
591 2933 631 2982 De
675 2935 693 2981 9
711 2933 737 2992 s.
757 2934 783 2980 3.

111 3000 213 3063 Celtis,
245 3000 333 3049 Iberis
356 3000 473 3065 sitisque
496 3001 523 3052 id
548 3001 632 3051 adtir-
728 2996 951 3061 civitatibusque]
986 2995 1128 3047 sincerum
1163 3007 1197 3045 en

110 3071 169 3120 unat
192 3071 291 3119 Strabo
312 3071 342 3118 Ι..
364 3070 415 3119 IV.
435 3085 459 3132 p.
480 3073 522 3120 39.
559 3070 632 3120 idem
676 3072 727 3119 boc
754 3079 806 3118 uno
839 3069 899 3118 ioco
927 3064 1064 3117 civitates
1094 3066 1199 3117 Caesar

111 3138 264 3202 Critognati
290 3139 432 3189 consilium
460 3141 531 3200 epod
552 3139 633 3188 caes.
676 3149 725 3200 uro
759 3134 871 3200 oppidio
905 3137 1003 3185 dixerit
1035 3135 1198 3185 dubitantem

111 3212 138 3256 b.
157 3209 190 3258 G.
214 3210 245 3257 L.
265 3208 331 3258 vlt.
354 3222 378 3258 o.
395 3210 441 3261 77.
472 3200 545 3258 κατά
570 3224 634 3258 τινα
676 3218 818 3274 uovorum
838 3207 936 3254 mentio
954 3207 988 3253 ad
1007 3217 1067 3254 eaor
1091 3205 1197 3264 opinio-

111 3273 284 3344 πικροτάτην
301 3273 445 3345 συμφοράν
460 3275 502 3327 sio
515 3277 575 3327 lieri
592 3277 635 3326 di·
677 3289 739 3327 uem
753 3274 898 3326 adduxisse
915 3273 1047 3339 simulque
1061 3273 1197 3323 fefellisse

112 3348 152 3396 cit
170 3348 302 3411 Atireuag.
321 3349 354 3396 de
379 3358 482 3399 resurr.
503 3355 581 3399 mort.
608 3360 633 3408 1¹-
678 3347 786 3396 videtur
811 3355 865 3393 non
889 3345 921 3392 de
940 3355 993 3393 uno
1014 3345 1126 3404 quodam
1147 3355 1196 3403 oo-
1258 3340 1262 3352 '

112 3412 186 3466 63·“
225 3416 324 3468 Rboer.
360 3417 395 3466 ad
430 3416 565 3479 Porphyr.
601 3418 635 3465 de
677 3417 741 3478 poio
760 3424 909 3464 sermonem
924 3424 998 3476 esse,
1017 3413 1064 3460 sed
1079 3413 1113 3462 de
1125 3410 1197 3460 euni

111 3488 184 3538 abst.
205 3486 239 3548 2,
258 3486 301 3535 57.
677 3486 830 3536 Gaiiorunv·
847 3480 958 3532 tratione
990 3479 1114 3543 pluribus
1147 3480 1197 3528 iiie

164 3554 233 3613 §.ta
249 3552 635 3614 Numquidiiiisiruiiebeiio
677 3553 836 3603 civitatibus
862 3554 1021 3613 constante,
1048 3550 1076 3599 in
1099 3547 1197 3612 quibus

114 3618 202 3684 tuiti]
222 3624 268 3674 liti
286 3623 355 3673 betto
373 3622 482 3672 dativus
504 3624 634 3685 pendete
679 3623 820 3672 considere
846 3622 969 3670 volentos
993 3618 1108 3670 Romani
1137 3618 1197 3668 iura

114 3696 200 3743 verbo
224 3693 417 3756 substantivo,
447 3693 472 3741 is
492 3704 575 3755 vero,
601 3693 635 3740 nd
679 3703 706 3741 et
727 3694 808 3750 tetes
822 3691 929 3739 civibus
950 3689 1006 3748 ita,
1031 3698 1061 3736 ut
1078 3689 1105 3736 in
1122 3688 1197 3750 agris

112 3776 192 3828 quem
210 3765 345 3812 referetur
358 3761 521 3825 adiectivuut
536 3762 636 3821 simile,
678 3761 820 3812 considere
844 3761 970 3807 volentes
993 3758 1198 3820 possessoribus

114 3833 264 3882 audiendos
295 3830 473 3894 relinquitur,
505 3833 535 3880 ut
565 3831 637 3892 opud
680 3835 750 3882 bona
771 3829 877 3891 eripere
900 3829 972 3876 veile
1001 3827 1198 3889 significantur,

113 3901 173 3953 (iic.
193 3905 250 3951 Ait.
270 3904 319 3961 12,
339 3899 452 3958 18es.
471 3902 502 3950 ²:
523 3902 573 3949 sed
591 3903 637 3949 to·
680 3903 740 3951 Non
764 3898 852 3957 tnagis
876 3901 909 3961 3,
933 3899 968 3946 20
993 3895 1055 3954 §.2
1087 3895 1200 3958 l‘otosu,

114 3985 180 4023 meu
198 3971 266 4036 quid
282 3965 395 4020 ebutio?
412 3979 440 4018 et
456 3970 491 4017 ib.
509 3967 544 4017 40
562 3968 588 4028 ς.
604 3972 636 4017 2:
679 3971 806 4021 corcnso
824 3969 853 4018 et
869 3967 970 4016 Narbo
986 3966 1121 4018 ciuitates
1139 3978 1199 4016 otim

113 4043 165 4093 sed
184 4041 252 4106 quid
269 4033 385 4090 struite?
405 4041 551 4098 eademque
572 4052 637 4087 sen·
682 4036 806 4102 uevisio,
824 4040 872 4088 eut
890 4040 916 4100 2,
929 4035 964 4086 34
976 4036 1140 4087 maritimae
1156 4035 1199 4084 ci-

113 4110 202 4160 tentie
234 4108 288 4160 dici
319 4117 426 4172 poterat·
458 4108 535 4159 Nom
569 4106 638 4172 quid
682 4109 790 4160 citatos
808 4119 867 4157 cum
881 4106 997 4159 oculere
1014 4107 1096 4159 urbes
1113 4107 1199 4157 inter·

111 4181 184 4233 iliud
203 4180 306 4233 betium
324 4179 414 4231 sttuite
435 4176 532 4231 babuit
550 4171 638 4229 bute?
684 4178 832 4243 pretendere
851 4184 922 4228 sunt.
