2700 4726
130 274 222 378 ,aas
433 272 506 344 us
532 272 714 344 sunno
744 274 995 349 aurunco

154 466 312 534 daturum
331 484 370 532 se
390 486 545 554 operam,
569 484 612 533 ne
632 465 767 551 longius
788 466 903 534 triduo
925 466 969 534 ab
991 467 1116 536 cestris
1136 467 1241 541 absit.

110 575 132 637 3
154 554 220 622 His
247 555 443 622 eonstitutis
468 555 570 621 rebus
592 553 665 621 suis
687 554 938 640 inopinantibus
960 577 1061 643 ιῐιιιιιιι
1083 558 1240 626 maximis

109 660 132 723 4
153 651 267 734 potest
286 642 465 710 itineribus
487 642 652 712 Viennam
676 644 839 732 pervenit.
882 642 939 711 lbi
959 653 1103 714 nanetus
1124 667 1241 714 reeen-

183 820 274 884 ceptis
291 820 354 871 nid.
372 831 397 871 a.
417 819 465 871 tir.
484 829 511 870 e.
527 819 607 869 laur.
626 830 697 881 quae
716 817 823 872 omneis
839 821 962 886 parteis.
997 819 1041 873 ci.
1059 824 1124 874 adn.
1142 837 1183 877 er.
1203 825 1241 876 ed

182 895 216 954 6,
232 895 268 943 32
285 891 313 950 s.
331 893 365 956 ³,
383 902 436 952 qno
453 890 516 940 loeo
534 891 592 941 tris
609 892 712 952 partes
729 892 821 940 minus
842 891 1026 953 probabiliter
1043 896 1078 944 ab
1099 894 1169 946 uua
1188 908 1240 944 ex-

181 961 298 1013 hibitum
316 959 346 1010 in
370 961 568 1024 aequalitatem
585 958 758 1025 redegimus,
791 961 865 1023 quod
881 961 926 1011 lde
943 975 995 1023 per
1011 964 1123 1014 codices
1142 965 1240 1016 faeere

181 1043 239 1084 uon
258 1031 347 1078 licuit.

216 1100 245 1161 s.
264 1103 281 1149 3
299 1097 362 1158 llis]
385 1098 418 1148 ln
433 1098 520 1160 lloug.
539 1098 573 1146 A.
591 1092 695 1158 legitur
711 1096 763 1148 sed
777 1095 840 1161 bis3
858 1097 887 1146 et
899 1111 932 1148 re
943 1111 1014 1152 vere
1027 1113 1099 1164 quae
1114 1115 1238 1171 sequun-

181 1169 238 1230 tur,
257 1169 444 1218 adversantur
462 1166 659 1229 quodammodo
676 1166 722 1230 ils,
741 1178 814 1229 quae
833 1169 1009 1220 antecedunt.
1044 1170 1113 1223 Nam
1135 1172 1161 1221 si
1175 1175 1240 1235 plu-

180 1239 254 1292 rium
270 1237 376 1288 dierum
393 1236 542 1286 itineribus
562 1235 653 1295 iisque
670 1234 799 1286 maximis
817 1247 886 1298 opus
905 1241 967 1288 erat
986 1237 1111 1305 Caesari,
1132 1243 1164 1292 ut
1184 1243 1240 1306 Vi-

150 1319 165 1347 a
180 1317 282 1360 abnam
301 1306 481 1370 perveniret,
507 1302 569 1353 tleri
586 1316 643 1354 nou
660 1306 773 1366 poterat
790 1308 821 1354 ut
839 1318 894 1356 non
912 1309 1023 1372 longius
1041 1312 1132 1362 triduo
1151 1323 1169 1361 a
1188 1323 1239 1362 ea-

179 1379 251 1430 stris
270 1377 392 1427 abesset.
428 1374 530 1424 Eodem
549 1373 671 1434 pertinet
688 1375 760 1437 quod
772 1375 833 1424 suis
848 1375 1059 1440 inopinantibus
1070 1380 1239 1443 pervenisse

178 1449 317 1500 viennam
337 1444 450 1512 dicitur,
470 1442 518 1505 qui
537 1443 563 1492 si
582 1443 698 1492 comites
716 1442 848 1495 caesaris
868 1447 903 1495 ab
922 1448 1048 1498 exercitu
1065 1451 1238 1500 discedentis

177 1515 357 1579 intelligendi
380 1518 446 1563 sunt
463 1510 528 1579 (our
548 1512 620 1560 euim
639 1513 815 1563 Viennenses
835 1513 904 1564 nibil
923 1516 956 1565 de
975 1530 1026 1568 suo
1044 1520 1167 1569 adventu
1186 1533 1237 1570 sn-

178 1587 305 1649 spicatas
329 1596 393 1634 esse
418 1583 622 1633 demonstraret
630 1573 658 1640 i)
675 1584 790 1644 praeter
810 1585 1046 1644 exspectationem
1100 1603 1160 1638 rum
1180 1590 1237 1640 iter

178 1658 250 1709 illud
274 1653 432 1704 instituisse
457 1651 641 1714 significatur.
682 1652 752 1702 Nam
777 1652 831 1703 iter
851 1654 961 1720 potius,
980 1669 1062 1719 quarn
1102 1659 1237 1711 eventum

178 1728 241 1777 eius
263 1725 323 1774 illis
346 1722 554 1783 inopinantibus
581 1719 718 1770 accidisse
744 1735 779 1770 ex
804 1723 960 1772 interiectis
988 1738 1074 1791 quarn
1100 1729 1236 1780 maximis

167 1796 277 1863 potest
299 1792 451 1843 itineribus
475 1788 626 1854 colligitur.
665 1790 763 1853 ltaque
784 1792 835 1841 sed
853 1793 889 1842 ed
909 1805 1022 1845 sensum
1039 1796 1111 1847 setis
1131 1800 1236 1863 aptum,

177 1867 230 1917 sed
254 1862 364 1914 minime
394 1864 487 1923 aptum
506 1863 550 1910 est
571 1859 770 1910 addictionem
789 1860 833 1910 bis
853 1864 1020 1914 constitutis
1039 1867 1141 1931 rebus,
1162 1880 1235 1930 quae

177 1935 279 1996 ubique
305 1931 413 1994 pariter
430 1943 465 1980 ae
481 1932 633 1993 pleraeque
653 1930 771 1979 nominis
792 1930 872 1979 buius
890 1932 918 1980 et
941 1936 1112 1994 pronominis
1131 1937 1235 1988 ablati-

176 2019 244 2055 vum
261 2003 417 2054 absolutum
434 2002 567 2050 babentes
586 1999 693 2049 initium
712 1999 850 2050 enutriiati
869 1999 938 2050 iacit
955 2001 1012 2068 ita,
1039 2007 1071 2054 ut
1086 2007 1235 2056 continue·

175 2076 225 2126 tur
241 2072 376 2125 narratio.
413 2068 456 2121 (ii.
475 2070 531 2121 luel
550 2069 586 2119 ad
604 2068 630 2135 5,
649 2067 734 2128 58.1
752 2070 912 2133 significati.
948 2073 1039 2134 Atque
1053 2076 1164 2126 omuino
1182 2076 1235 2125 ab·

175 2144 275 2196 latinis
295 2140 431 2194 absolutis
452 2152 519 2190 raro
540 2139 693 2201 praefixum
712 2141 756 2187 est
774 2140 842 2204 sed,
867 2142 897 2188 nt
916 2137 949 2204 5,
978 2141 1012 2191 15
1030 2141 1056 2200 S.
1078 2147 1102 2194 1.
1122 2148 1151 2194 et
1169 2145 1231 2196 civ.

175 2219 211 2278 3,
236 2213 287 2264 101
306 2211 332 2272 S.
350 2208 384 2274 4,
404 2209 502 2272 quibus
521 2207 592 2257 loeis
610 2207 680 2256 nibil
700 2207 781 2256 buius
802 2207 893 2257 simile
911 2213 963 2259 est.
1000 2212 1077 2270 Quod
1094 2217 1186 2264 autem
1206 2218 1233 2264 b.

145 2335 147 2340 ,
174 2287 197 2337 l.
215 2276 607 2334 adverseriantecedeutibus
626 2276 755 2339 vidimus,
772 2276 801 2325 id
820 2277 961 2343 apertius,
987 2292 1068 2342 quem
1087 2283 1157 2345 ipsis
1172 2284 1233 2334 illis

175 2354 237 2404 suis
261 2348 475 2413 inopinantibus
497 2347 680 2409 factumest,
706 2346 898 2396 demonstrare
916 2361 985 2410 opus
1002 2363 1058 2400 uon
1072 2354 1143 2403 erat.
1180 2353 1233 2403 llis

175 2424 210 2473 de
235 2421 331 2472 causis
354 2417 406 2468 secl
432 2415 613 2467 reiioleudum
633 2418 662 2465 et
682 2426 777 2466 errore
803 2428 839 2464 ex
859 2418 985 2479 proximo
1018 2421 1093 2474 absit
1120 2423 1232 2474 illatum

173 2492 295 2618 ”iffi
312 2553 384 2606 Ante
408 2557 461 2606 boc
486 2551 615 2604 omnibus
642 2551 764 2603 additum
784 2554 886 2603 liabent
910 2556 961 2605 οι.
986 2553 1035 2607 Cu.
1053 2559 1082 2612 S.
1100 2558 1180 2610 beid.
1197 2561 1232 2611 Α.

173 2641 272 2693 margo
296 2628 357 2678 Pet.
382 2626 470 2691 (bunc
493 2624 615 2674 codicem
634 2621 717 2672 Febr.
740 2634 757 2672 a
773 2635 808 2671 m.
827 2637 850 2672 s.
872 2628 938 2674 ante
955 2627 1041 2676 rebus
1059 2629 1181 2678 additum
1200 2631 1229 2680 id

171 2701 276 2752 babere
294 2692 430 2760 testatur)
451 2695 523 2744 flav.
541 2695 574 2742 A.
595 2691 679 2742 Viud.
698 2696 732 2747 A.
751 2692 781 2741 et
798 2693 933 2743 editiones
953 2695 1016 2745 iude
1034 2698 1069 2747 ab
1085 2699 1156 2748 Aldu
1176 2711 1229 2748 us-

171 2783 226 2834 que
244 2769 280 2818 ad
298 2767 441 2828 Lipsium,
473 2763 614 2812 seduliae
632 2762 788 2824 postposito
806 2767 958 2830 commate,
984 2769 1056 2826 quod
1075 2767 1226 2820 ciacconio

170 2840 317 2903 placebat,
336 2835 410 2886 aliae
429 2832 605 2895 praeposito,
634 2832 705 2894 quod
725 2832 793 2881 oud
812 2833 838 2882 si
856 2845 904 2896 pro
923 2838 1043 2898 genuino
1064 2839 1227 2904 baberetur,

169 2910 309 2970 malebat,
325 2907 356 2954 ut
374 2903 481 2954 caesar
498 2915 553 2952 non
573 2903 700 2952 omnibus
718 2903 803 2952 rebus
819 2904 1003 2970 constitutis,
1028 2908 1079 2956 sed
1097 2908 1227 2959 banaiau

168 2977 230 3028 suis
244 2972 457 3038 inopinantibus
469 2972 608 3021 Viennam
621 2972 785 3033 pervenisse
799 2971 947 3022 moeretur.
982 2977 1075 3036 Atque
1089 2979 1140 3025 boc
1155 2990 1226 3030 sane

166 3049 305 3112 praestat.
345 3044 441 3107 Neque
466 3042 545 3092 nulls
569 3044 631 3090 erat
648 3053 744 3104 carisa,
762 3053 813 3110 cur
831 3041 957 3092 erunibus
974 3045 1035 3093 suis
1053 3045 1178 3114 diceret,
1199 3048 1228 3098 si

168 3118 204 3168 de
223 3114 368 3167 comitibus
387 3112 544 3177 cogitabat,
570 3124 686 3174 quorum
703 3112 808 3161 nullum
826 3110 949 3171 suscepti
968 3111 1079 3162 itineris
1099 3116 1227 3179 longitu-
1254 3107 1260 3112 ’

144 3184 262 3237 -diuem
278 3183 417 3245 suspicari
434 3183 483 3232 aut
501 3181 574 3230 seire
587 3182 733 3231 voluisset.
768 3178 872 3229 Contra
890 3191 945 3229 non
963 3185 1090 3248 apparet,
1110 3197 1160 3235 eur
1177 3186 1225 3237 in-

168 3255 363 3320 terpolaudum
381 3252 467 3302 alicui
485 3253 575 3306 visum
595 3252 641 3301 sit.
677 3251 747 3300 Nam
766 3249 837 3310 quod
855 3248 985 3311 Apitzius
1001 3254 1081 3314 putat
1095 3268 1131 3304 ex
1150 3257 1227 3308 c.10
1263 3312 1266 3317 Ι

170 3326 200 3389 s.
217 3330 234 3376 2
251 3324 346 3376 verbis
363 3323 488 3372 omnium
503 3333 624 3373 suorum
636 3319 801 3371 uoluntates
815 3321 1001 3370 correctorem
1016 3323 1226 3385 deprompsisse

168 3394 314 3457 omnibus,
343 3404 460 3455 prorsus
483 3402 501 3442 a
523 3403 593 3440 vero
617 3390 755 3441 abhorret.
799 3387 942 3452 Herzogio
967 3389 1075 3454 quidem
1095 3395 1226 3448 omnibus

168 3466 275 3530 inagis,
309 3474 390 3526 quam
409 3460 470 3512 suia
488 3460 615 3510 idoneum
633 3459 797 3520 videbatur,
826 3459 857 3507 ut
873 3458 924 3508 illo
940 3464 1054 3524 recepto
1072 3467 1125 3514 boc
1142 3466 1226 3517 uncis

167 3530 429 3596 arennscripserit.
463 3528 578 3591 Lipsius
595 3541 664 3579 vero
683 3530 717 3577 ab
731 3526 833 3578 Ursino
850 3528 971 3579 monitus
989 3533 1116 3585 omnibus
1129 3535 1224 3600 eiecit,

166 3618 248 3670 quem
266 3616 328 3655 aum
346 3601 489 3664 scaligero
507 3600 536 3649 et
553 3599 671 3661 reliquis
688 3599 801 3648 secutus
820 3599 866 3648 est
879 3599 948 3649 oud.
983 3601 1079 3664 Neque
1091 3603 1158 3654 mibi
1173 3618 1224 3657 re-

166 3675 324 3736 aipiendnm
344 3671 466 3735 uidetur,
486 3655 588 3731 partim
604 3668 721 3730 propter
739 3666 867 3734 codices,
884 3668 986 3730 partim
1006 3672 1079 3733 quod
1096 3686 1152 3723 nou
1170 3687 1224 3725 ea-

166 3748 213 3795 ret
236 3742 425 3807 ambignitate.
467 3738 500 3789 lu
517 3738 743 3800 premeridibus
768 3749 837 3788 vero
861 3739 953 3788 looum
971 3742 1074 3793 babere
1092 3743 1222 3805 potuisse

164 3827 223 3864 uon
239 3825 320 3876 nego,
338 3813 434 3875 quibus
450 3808 600 3860 caesarem
617 3811 686 3858 baec
703 3805 871 3860 scribentem
890 3821 971 3861 usum
989 3811 1187 3874 eusebianis.
1202 3816 1219 3864 1

165 3883 245 3935 iaetu
262 3882 364 3932 mentio
382 3880 496 3931 iudicat.
573 3932 582 3945 ,

185 4040 312 4090 daturum
331 4032 599 4098 saepenumero,
618 4034 655 4083 29
748 4029 775 4091 S.
791 4036 816 4084 3.
833 4033 984 4096 Viennam]
1002 4037 1073 4100 quod
1091 4037 1222 4100 oppidum

132 4109 161 4173 s.
180 4110 196 4161 5
214 4120 276 4161 sese
292 4108 444 4173 confestim
460 4105 593 4172 subsequi
609 4104 656 4157 ‹ii-¹
695 4105 740 4153 est
752 4103 941 4169 Allobrogum.
970 4104 1013 4159 cf.
1030 4107 1130 4161 Ukerti
1145 4108 1220 4160 Gall.

131 4183 182 4238 eit.
202 4179 294 4248 utque
312 4176 373 4228 adu.
696 4186 724 4236 p.
743 4172 804 4225 452.
