2700 4726
212 307 280 373 ⁴02
461 305 532 373 DE
565 304 747 373 BELLO
782 302 1031 375 Gululco

210 493 351 582 iusuper
373 492 455 561 ordo
477 493 636 574 additur,
665 501 703 559 ut
723 492 811 560 idom
833 493 922 560 illud
944 458 1158 559 intervalium
1183 506 1299 560 serve-

211 592 408 677 tenueque
430 585 519 649 iuter
541 604 578 647 sa
599 583 794 666 contingent
808 581 936 661 trabes,
956 581 1016 647 ned
1031 580 1172 666 poribus
1188 582 1297 647 iuter-

168 757 190 821 ι
213 671 857 824 liliatisillitiill.
879 670 971 822 ll:
985 669 1190 822 illibi:
1213 675 1298 820 lli:

167 849 189 912 ⁶
211 847 303 912 iusta
322 849 410 911 muri
430 806 576 911 aititudo
599 782 789 934 expiegtur.
834 779 1005 911 Hoepeum
1027 844 1062 908 iu
1079 802 1227 935 epooiim
1242 864 1301 911 ve-

280 1034 491 1104 coagmentatis]
510 1049 543 1087 eo
560 1034 734 1101 elementatis
751 1037 798 1086 Dr.
814 1037 843 1084 ll.
861 1035 1048 1102 eouyminotie
1063 1021 1137 1086 Golt.
1150 1033 1210 1085 ort.
1224 1031 1301 1085 uelo.

247 1105 278 1158 c.
296 1109 379 1156 voss.
399 1107 452 1158 Bc.
476 1107 554 1157 Gerr.
580 1106 639 1156 cod.
664 1106 740 1154 Turn.
769 1104 847 1155 Vrat.
867 1109 902 1156 A.
920 1114 947 1154 et
965 1117 983 1154 a
1000 1118 1036 1155 ιιι.
1053 1118 1096 1166 pr.
1115 1104 1146 1153 B.
1164 1104 1249 1154 vind.
1268 1105 1299 1154 ll.

247 1176 298 1226 (iu.
324 1177 512 1243 eonominuiis
537 1173 757 1240 coagmentatis,
775 1175 860 1233 Bong.
879 1177 912 1226 A.
933 1175 1016 1226 Voss.
1034 1170 1068 1222 A.
1085 1174 1161 1236 Egm.
1179 1172 1245 1223 Par.
1264 1175 1300 1225 A.

245 1247 435 1310 coequeiuutie
453 1248 483 1297 et
500 1243 707 1309 eonqmentatio
723 1243 805 1293 Viud.
822 1243 855 1292 F.
873 1245 934 1294 edd.
952 1249 1015 1294 aute
1031 1245 1091 1293 Ber.
1109 1241 1302 1309 conuenientia

246 1317 277 1366 et
301 1308 529 1383 condomentatie
554 1315 625 1364 Lov.
647 1314 717 1362 Duil.
743 1312 828 1363 Dorv.
849 1315 927 1363 Vret·
946 1312 967 1363 c
987 1323 1015 1362 et
1033 1326 1050 1363 a
1068 1326 1103 1362 m.
1122 1327 1145 1362 e.
1165 1312 1196 1361 B.
1215 1312 1301 1363 uoti.

246 1385 276 1432 li.
295 1386 376 1435 vind.
393 1387 425 1435 l).
441 1386 502 1433 Ber.
521 1383 617 1432 llanb.
637 1382 865 1442 (uic-coeunt.)
883 1383 933 1432 br.
947 1382 981 1432 A.
1000 1379 1307 1449 (-coauyum.21’ai.,

244 1453 330 1505 Couss.
350 1445 659 1518 (-eouu9emeuotio).

280 1523 401 1584 additur]
434 1524 536 1573 aditur
557 1521 635 1570 vind.
652 1515 685 1573 Β.
709 1519 829 1570 additus
846 1521 917 1571 And.
936 1519 1085 1572 addicitur
1101 1519 1148 1568 Dr.
1168 1519 1199 1568 ll.
1215 1516 1304 1569 Vinio·

243 1593 278 1640 Ε.
303 1592 432 1641 edicitur
455 1591 534 1640 Vrat.
564 1586 595 1639 C·
619 1591 698 1640 antu.
725 1590 754 1637 B.
779 1588 921 1639 adiicitur
950 1591 1032 1639 Dorv.
1057 1589 1156 1653 (Bong.
1179 1587 1212 1639 G.
1239 1587 1301 1639 Pal·

243 1660 329 1710 Conss.
347 1662 428 1711 vind.
447 1661 516 1717 ΒΗ.)
534 1659 594 1709 edd.
612 1658 808 1720 exeeutaVen.
827 1659 847 1708 i.
861 1668 963 1710 omues.
997 1660 1039 1709 Ne
1056 1657 1085 1707 ld
1097 1659 1203 1719 quidem
1216 1658 1309 1709 male.-

244 1728 290 1778 ci.
307 1729 367 1778 civ.
388 1735 421 1795 3,
438 1732 474 1778 66
492 1727 556 1799 §.4
580 1727 720 1778 maiorem
739 1726 888 1778 adiecerat
908 1727 1104 1778 irretitiouem.
1139 1729 1306 1791 sellaeque

244 1799 340 1847 bonum
358 1802 400 1848 est
419 1800 545 1861 alterum,
562 1797 631 1857 quod
649 1799 724 1847 tauto
742 1798 871 1847 malorem
889 1809 907 1846 a
924 1796 1065 1848 codicibus
1084 1798 1187 1847 babens
1199 1805 1307 1851 aneto·-¹

242 1866 352 1917 ritatem
380 1867 480 1930 negllgl
505 1867 540 1916 ab
559 1866 627 1914 0ud.
645 1877 700 1915 uon
717 1866 841 1916 debebat.
876 1866 921 1916 Cf.
945 1866 1006 1917 Civ.
1026 1870 1053 1932 3,
1073 1863 1109 1916 54
1127 1865 1155 1926 S.
1173 1867 1189 1915 1
1209 1867 1301 1919 noem

243 1934 741 2063 Μῗὲῐῖῗωξζιιῗιῗῐεἰιζῗῖῗνῗέἒιᾞῠῖξίᾱ.
759 2004 793 2051 A.
812 2002 1031 2064 quemadmodum
1049 2000 1226 2052 scribendum
1244 2014 1299 2067 pu.

242 2077 320 2125 tabat
335 2076 535 2139 Rotomuuuus,
553 2075 612 2122 siue
630 2074 728 2123 idoneo
745 2070 863 2138 ratione,
882 2080 912 2121 ut
926 2072 1091 2123 monstravit
1104 2071 1232 2123 Heldiue.
1249 2071 1307 2123 bv·

241 2143 378 2196 termiese
397 2145 488 2202 (lium.
508 2139 550 2206 a.)
569 2144 641 2191 ven.
657 2142 694 2189 ei.
870 2180 874 2187 .

275 2216 302 2276 ς.
322 2211 444 2330 4Λὶιιειι]
464 2212 552 2263 iuxta
569 2210 651 2272 Bong·
672 2211 706 2258 A.
722 2206 780 2255 Pet.
799 2208 875 2271 Egm.
890 2207 941 2258 Ox.
960 2209 1009 2259 Dr.
1023 2209 1080 2263 AB.
1093 2212 1175 2265 Vrat.
1189 2212 1225 2261 A.
1243 2211 1300 2265 eto

241 2284 325 2333 Voss.
364 2283 393 2330 B.

277 2349 435 2412 expleatur]
462 2346 643 2408 compleatur
661 2345 712 2396 Ox.
731 2344 808 2397 Leid.
828 2346 863 2395 A.
882 2346 910 2395 S.
929 2345 1000 2397 llav.
1019 2349 1054 2396 A.
1072 2347 1154 2401 Vino.
1174 2351 1208 2400 A.
1225 2348 1299 2417 quud

241 2429 270 2468 et
287 2420 374 2480 iusum
393 2415 462 2467 ferri
484 2419 579 2475 potest.
1303 2450 1309 2465 .

276 2488 303 2547 S.
322 2489 338 2538 5
357 2485 431 2544 oum]
450 2487 513 2536 tune
532 2484 608 2531 held.
625 2485 659 2533 A.
677 2484 748 2534 Duil.
768 2486 852 2549 Boug.
871 2484 903 2536 G.
922 2483 1006 2539 vind.
1024 2485 1069 2537 el.
1105 2485 1151 2537 cl.
1169 2488 1235 2540 edu.
1256 2498 1311 2543 ert:

241 2558 277 2607 ad
295 2555 322 2618 5,
341 2554 400 2615 ts.
419 2557 444 2602 3.
464 2553 539 2604 euim
558 2552 620 2602 Ald.
641 2553 760 2616 bition.

203 2730 308 2779 tontum
336 2723 462 2793 quandin
485 2723 514 2774 iu
540 2724 632 2774 iroule
650 2734 729 2789 saxo,
772 2737 833 2777 oum
858 2725 929 2778 idem
953 2729 1038 2795 illud,
1067 2726 1138 2792 quod
1154 2722 1185 2776 lu
1201 2725 1300 2791 primo,

203 2800 295 2849 multo
319 2806 419 2861 aggere
438 2794 556 2844 vestitae
576 2795 670 2844 trabes
683 2792 730 2842 ‘di-
771 2794 948 2848 iutervallum
969 2807 1110 2860 servetur,
1137 2796 1299 2861 uoumogiu

202 2870 319 2927 euutur,
350 2877 497 2926 earumque
516 2876 606 2912 rerum
624 2875 676 2912 nou
692 2860 728 2910 ad
770 2864 843 2915 iuter
859 2879 890 2915 se
904 2866 1070 2933 contingunt,
1087 2865 1300 2931 quantulum,

200 2935 332 2987 amussim
347 2945 462 2998 aequam
480 2931 595 2982 omnium
608 2941 728 2995 quoquo·
770 2936 819 2984 sed
843 2937 947 3000 puriter
971 2937 1048 2987 binos
1069 2936 1192 2986 intereo
1213 2936 1299 2997 pedes

203 3019 303 3055 versun
322 3001 533 3068 magnitudinem
549 3000 639 3051 luisse
659 3013 727 3051 eou·
769 3005 879 3054 dietant.
920 3007 979 3055 liae
1004 3018 1072 3056 vero
1088 3004 1202 3065 insuper
1218 3002 1298 3055 eddi·

201 3083 360 3126 eentaueurn
374 3080 426 3122 ent.
445 3071 623 3134 opponuntur
637 3075 726 3121 autom
770 3081 814 3122 tas
832 3075 861 3123 et
878 3073 941 3124 illas
960 3074 1065 3125 intimas
1080 3073 1143 3123 item
1157 3085 1212 3125 uou
1224 3072 1299 3125 luter

124 3163 125 3167 ¹
199 3155 271 3197 saxa
284 3143 387 3209 aggeri,
405 3152 491 3204 eaque
507 3142 651 3191 verborum
664 3140 724 3192 ool·
768 3151 799 3190 ee
816 3143 985 3210 contingere,
1002 3155 1072 3207 quae
1087 3142 1177 3204 Lipsii
1187 3145 1218 3192 et
1232 3146 1297 3207 ple·

123 3270 131 3281 „
200 3214 346 3266 locationis
366 3213 437 3263 ratio
453 3218 505 3258 est.
768 3222 911 3274 rerumque
937 3226 973 3262 ex
992 3212 1189 3262 recentioribus
1204 3212 1302 3293 opinln·

252 3283 279 3345 ς.
292 3285 309 3331 3
323 3281 394 3332 alius
409 3282 520 3340 insuper
532 3277 725 3338 ordoadditur]
767 3288 820 3345 est,
841 3281 881 3329 bis
900 3282 1006 3343 quidem
1025 3281 1118 3335 verbis
1136 3292 1190 3331 nou
1207 3283 1298 3347 argui.

199 3351 264 3403 item
280 3353 404 3402 trabibus
422 3356 568 3411 constane,
588 3360 657 3410 quae
675 3359 725 3396 ea·
767 3349 884 3415 ficator,
902 3363 992 3418 noque
1009 3351 1059 3418 ita,
1075 3352 1116 3408 ut¹
1127 3349 1169 3401 illi
1188 3353 1297 3419 volout,

199 3424 259 3473 dem
284 3421 390 3473 ratione
413 3421 558 3480 eodemque
575 3415 725 3466 intervallo
768 3419 853 3469 statui
882 3425 980 3481 potest.
1023 3421 1132 3472 Trabes.
1151 3421 1225 3471 enlm
1248 3436 1299 3473 ee-

198 3503 280 3554 atque
305 3490 414 3541 infimae
439 3489 610 3539 collocantur
636 3491 664 3535 et
680 3485 725 3535 in·
768 3488 848 3538 eundi
866 3486 968 3539 ordinis
976 3488 1037 3542 'nou
1050 3492 1078 3541 iu
1091 3488 1229 3558 trabibus,
1246 3494 1297 3545 aed

197 3566 305 3611 trorsus
339 3558 526 3613 revinciuntur
560 3559 588 3603 et
622 3566 724 3618 aggere
766 3557 795 3608 iu
809 3558 885 3608 naxio
898 3560 986 3626 primi,
1004 3573 1072 3611 saxa
1086 3562 1178 3610 auterir
1191 3560 1220 3610 iu
1235 3563 1297 3617 tre·

198 3629 354 3680 vestiuntur
369 3635 396 3678 et
409 3641 469 3678 oum
484 3623 560 3676 saxis
575 3636 720 3688 coagmen·
767 3626 845 3676 bibus
866 3629 998 3682 oollooeri
1016 3632 1098 3695 atque
1116 3629 1157 3680 ita
1174 3629 1247 3699 fleri,
1266 3636 1300 3685 ut

198 3701 307 3758 tantur;
331 3709 443 3760 quarum
463 3708 554 3748 rerum
572 3693 644 3745 duae
662 3704 725 3744 tous
767 3697 858 3745 trabes
885 3699 956 3749 iuter
983 3713 1014 3750 se
1040 3713 1094 3749 uon
1124 3701 1296 3769 contingant,

197 3771 271 3830 tum,
296 3779 365 3829 una,
395 3777 463 3828 quae
483 3766 517 3814 ad
535 3763 723 3828 intervalium,
767 3766 899 3820 statuunt.
943 3771 974 3821 ld
996 3770 1116 3831 scriptor
1144 3768 1182 3832 sl¹
1196 3762 1304 3825 dooere'

196 3839 302 3899 altera,
323 3846 391 3898 quoe
409 3837 442 3884 ao
461 3844 531 3883 saxa
548 3830 676 3899 pertinet,
695 3833 736 3884 in.
767 3834 917 3901 voluisset,
949 3841 1034 3890 verbo
1047 3827 1252 3891 'deutouetrere
1267 3849 1297 3903 et

196 3902 371 3968 sequentibus
387 3902 639 3971 commemorantur,
656 3902 723 3953 reli·
765 3905 928 3956 mentionem
958 3909 1053 3957 facere
1083 3907 1164 3970 primi
1191 3908 1297 3967 ordiuie

196 3985 266 4038 qnae
285 3980 314 4021 ot
331 3984 422 4032 perse
436 3968 630 4036 intelligendae
643 3972 723 4024 omil—
766 3972 917 4026 debuisset.
965 3973 1093 4027 Ceterum
1133 3979 1206 4041 quod
1237 3978 1297 4031 illie

196 4046 299 4094 tuutor.
766 4045 951 4094 necessarium
977 4045 1141 4113 videbatur,
1170 4048 1296 4115 quodque

248 4123 335 4172 neque
355 4109 425 4160 iuter
443 4125 475 4160 se
491 4109 649 4175 contingent
663 4117 722 4159 tra-
764 4124 801 4161 re.
822 4123 891 4163 veru
913 4111 1017 4176 aliquid
1040 4117 1074 4165 ad
1096 4114 1297 4171 defendendum

196 4183 257 4243 ben]
288 4193 329 4232 ee.
355 4180 467 4231 secundi
490 4179 612 4243 ordinis,
642 4190 722 4247 quae,
765 4179 856 4246 iguem
875 4183 1007 4251 valebat,
1031 4184 1060 4236 id
1077 4186 1171 4239 multo
1188 4198 1297 4257 afluere
