<?xml version="1.0" encoding="UTF-8"?>
<!DOCTYPE html PUBLIC "-//W3C//DTD XHTML 1.0 Transitional//EN"
    "http://www.w3.org/TR/xhtml1/DTD/xhtml1-transitional.dtd">
<html xmlns="http://www.w3.org/1999/xhtml" xml:lang="en" lang="en">
 <head>
  <title>
</title>
<meta http-equiv="Content-Type" content="text/html;charset=utf-8" />
  <meta name='ocr-system' content='tesseract 3.04.00' />
  <meta name='ocr-capabilities' content='ocr_page ocr_carea ocr_par ocr_line ocrx_word'/>
</head>
<body>
  <div class='ocr_page' id='page_1' title='image "./commentariidebe00schngoog_0049.png"; bbox 0 0 2700 4726; ppageno 0'>
   <div class='ocr_carea' id='block_1_1' title="bbox 149 272 978 357">
    <p class='ocr_par' dir='ltr' id='par_1_1' title="bbox 149 272 978 357">
     <span class='ocr_line' id='line_1_1' title="bbox 149 272 978 357; baseline -0.006 -9"><span class='ocrx_word' id='word_1_1' title='bbox 149 280 217 348; x_wconf 80' lang='lat'><strong>360</strong></span> <span class='ocrx_word' id='word_1_2' title='bbox 411 276 483 345; x_wconf 81' lang='lat' dir='ltr'><strong>nb</strong></span> <span class='ocrx_word' id='word_1_3' title='bbox 513 276 692 347; x_wconf 74' lang='lat' dir='ltr'><strong>Buteo</strong></span> <span class='ocrx_word' id='word_1_4' title='bbox 726 272 978 357; x_wconf 75' lang='lat' dir='ltr'><strong>Gntb&#39;ico</strong></span> 
     </span>
    </p>
   </div>
   <div class='ocr_carea' id='block_1_2' title="bbox 110 462 1256 1082">
    <p class='ocr_par' dir='ltr' id='par_1_2' title="bbox 110 462 1256 1082">
     <span class='ocr_line' id='line_1_2' title="bbox 110 462 1256 624; baseline -0.002 -93"><span class='ocrx_word' id='word_1_5' title='bbox 110 463 279 624; x_wconf 58' lang='lat' dir='ltr'><strong>7pppittio</strong></span> <span class='ocrx_word' id='word_1_6' title='bbox 307 466 544 623; x_wconf 51' lang='lat' dir='ltr'><strong>profugerent,</strong></span> <span class='ocrx_word' id='word_1_7' title='bbox 580 464 666 620; x_wconf 79' lang='lat' dir='ltr'><strong>dupe</strong></span> <span class='ocrx_word' id='word_1_8' title='bbox 694 466 909 620; x_wconf 51' lang='lat' dir='ltr'><strong>letgionerpsin</strong></span> <span class='ocrx_word' id='word_1_9' title='bbox 939 465 1043 618; x_wconf 58' lang='lat' dir='ltr'><strong>armtis</strong></span> <span class='ocrx_word' id='word_1_10' title='bbox 1073 462 1256 619; x_wconf 63' lang='lat' dir='ltr'><strong>cxppbtttre&#39;</strong></span> 
     </span>
     <span class='ocr_line' id='line_1_3' title="bbox 111 574 1239 731; baseline -0.01 -15"><span class='ocrx_word' id='word_1_11' title='bbox 111 575 195 716; x_wconf 60' lang='lat'>⁸:¹5.</span> <span class='ocrx_word' id='word_1_12' title='bbox 216 576 659 731; x_wconf 55' lang='lat' dir='ltr'><strong>tinnitiisztifltii</strong></span> <span class='ocrx_word' id='word_1_13' title='bbox 681 576 835 708; x_wconf 62' lang='lat' dir='ltr'><strong>{titt</strong></span> <span class='ocrx_word' id='word_1_14' title='bbox 857 574 1075 729; x_wconf 58' lang='lat' dir='ltr'><strong>tuitii</strong></span> <span class='ocrx_word' id='word_1_15' title='bbox 1099 575 1187 727; x_wconf 70' lang='lat' dir='ltr'><strong>iii</strong></span> <span class='ocrx_word' id='word_1_16' title='bbox 1200 576 1239 706; x_wconf 76' lang='lat' dir='ltr'><strong>:i</strong></span> 
     </span>
     <span class='ocr_line' id='line_1_4' title="bbox 154 729 1241 819; baseline -0.001 -23"><span class='ocrx_word' id='word_1_17' title='bbox 154 752 216 819; x_wconf 87' lang='lat' dir='ltr'><strong>per</strong></span> <span class='ocrx_word' id='word_1_18' title='bbox 236 734 467 818; x_wconf 77' lang='lat' dir='ltr'><strong>exploratores</strong></span> <span class='ocrx_word' id='word_1_19' title='bbox 488 733 641 798; x_wconf 89' lang='lat' dir='ltr'><strong>nuntiata</strong></span> <span class='ocrx_word' id='word_1_20' title='bbox 665 729 792 799; x_wconf 85' lang='lat' dir='ltr'><strong>Caesar</strong></span> <span class='ocrx_word' id='word_1_21' title='bbox 812 732 975 815; x_wconf 79' lang='lat' dir='ltr'><strong>legiones,</strong></span> <span class='ocrx_word' id='word_1_22' title='bbox 995 750 1080 815; x_wconf 86' lang='lat' dir='ltr'><strong>quas</strong></span> <span class='ocrx_word' id='word_1_23' title='bbox 1101 729 1241 816; x_wconf 84' lang='lat' dir='ltr'><strong>expedi-</strong></span> 
     </span>
     <span class='ocr_line' id='line_1_5' title="bbox 151 816 1241 907; baseline -0.002 -23"><span class='ocrx_word' id='word_1_24' title='bbox 151 829 207 884; x_wconf 85' lang='lat' dir='ltr'><strong>tas</strong></span> <span class='ocrx_word' id='word_1_25' title='bbox 222 839 298 885; x_wconf 86' lang='lat' dir='ltr'><strong>esse</strong></span> <span class='ocrx_word' id='word_1_26' title='bbox 313 819 471 900; x_wconf 86' lang='lat' dir='ltr'><strong>iusserat,</strong></span> <span class='ocrx_word' id='word_1_27' title='bbox 492 819 602 907; x_wconf 88' lang='lat' dir='ltr'><strong>portis</strong></span> <span class='ocrx_word' id='word_1_28' title='bbox 620 818 765 884; x_wconf 88' lang='lat' dir='ltr'><strong>incensis</strong></span> <span class='ocrx_word' id='word_1_29' title='bbox 780 818 979 883; x_wconf 90' lang='lat' dir='ltr'><strong>intromittit</strong></span> <span class='ocrx_word' id='word_1_30' title='bbox 995 825 1097 903; x_wconf 85' lang='lat' dir='ltr'><strong>atque</strong></span> <span class='ocrx_word' id='word_1_31' title='bbox 1113 816 1241 904; x_wconf 90' lang='lat' dir='ltr'><strong>oppido</strong></span> 
     </span>
     <span class='ocr_line' id='line_1_6' title="bbox 153 904 1243 996; baseline 0 -25"><span class='ocrx_word' id='word_1_32' title='bbox 153 906 303 993; x_wconf 87' lang='lat' dir='ltr'><strong>potitur,</strong></span> <span class='ocrx_word' id='word_1_33' title='bbox 326 908 505 996; x_wconf 81' lang='lat' dir='ltr'><strong>perpaucis</strong></span> <span class='ocrx_word' id='word_1_34' title='bbox 527 930 567 973; x_wconf 88' lang='lat' dir='ltr'><strong>ex</strong></span> <span class='ocrx_word' id='word_1_35' title='bbox 585 906 731 973; x_wconf 86' lang='lat' dir='ltr'><strong>hostiurn</strong></span> <span class='ocrx_word' id='word_1_36' title='bbox 754 927 892 971; x_wconf 88' lang='lat' dir='ltr'><strong>nurnero</strong></span> <span class='ocrx_word' id='word_1_37' title='bbox 915 904 1136 986; x_wconf 85' lang='lat' dir='ltr'><strong>desideratis,</strong></span> <span class='ocrx_word' id='word_1_38' title='bbox 1158 906 1243 992; x_wconf 87' lang='lat' dir='ltr'><strong>quin</strong></span> 
     </span>
     <span class='ocr_line' id='line_1_7' title="bbox 152 992 1242 1082; baseline 0 -24"><span class='ocrx_word' id='word_1_39' title='bbox 152 995 268 1060; x_wconf 92' lang='lat' dir='ltr'><strong>cuncti</strong></span> <span class='ocrx_word' id='word_1_40' title='bbox 295 1003 517 1082; x_wconf 72' lang='lat' dir='ltr'><strong>caperentur,</strong></span> <span class='ocrx_word' id='word_1_41' title='bbox 553 993 644 1080; x_wconf 91' lang='lat' dir='ltr'><strong>quod</strong></span> <span class='ocrx_word' id='word_1_42' title='bbox 672 992 787 1082; x_wconf 84' lang='lat' dir='ltr'><strong>pontis</strong></span> <span class='ocrx_word' id='word_1_43' title='bbox 814 1002 915 1081; x_wconf 87' lang='lat' dir='ltr'><strong>atque</strong></span> <span class='ocrx_word' id='word_1_44' title='bbox 945 993 1028 1059; x_wconf 92' lang='lat' dir='ltr'><strong>itine</strong></span> <span class='ocrx_word' id='word_1_45' title='bbox 1073 1015 1104 1058; x_wconf 83' lang='lat' dir='ltr'><strong>nr</strong></span> <span class='ocrx_word' id='word_1_46' title='bbox 1135 1014 1242 1077; x_wconf 85' lang='lat' dir='ltr'><strong>angu-</strong></span> 
     </span>
    </p>
   </div>
   <div class='ocr_carea' id='block_1_3' title="bbox 108 1079 1237 1170">
    <p class='ocr_par' dir='ltr' id='par_1_3' title="bbox 108 1079 1237 1170">
     <span class='ocr_line' id='line_1_8' title="bbox 108 1079 1237 1170; baseline -0.001 -22"><span class='ocrx_word' id='word_1_47' title='bbox 108 1082 239 1154; x_wconf 79' lang='lat' dir='ltr'><strong>iistiee</strong></span> <span class='ocrx_word' id='word_1_48' title='bbox 261 1081 489 1148; x_wconf 89' lang='lat' dir='ltr'><strong>multitudinis</strong></span> <span class='ocrx_word' id='word_1_49' title='bbox 509 1083 622 1166; x_wconf 82' lang='lat' dir='ltr'><strong>fugam</strong></span> <span class='ocrx_word' id='word_1_50' title='bbox 643 1083 919 1148; x_wconf 80' lang='lat' dir='ltr'><strong>intercluserunt.</strong></span> <span class='ocrx_word' id='word_1_51' title='bbox 962 1079 1042 1170; x_wconf 91' lang='lat' dir='ltr'><strong>Opp</strong></span> <span class='ocrx_word' id='word_1_52' title='bbox 1057 1079 1137 1145; x_wconf 87' lang='lat' dir='ltr'><strong>dum</strong></span> <span class='ocrx_word' id='word_1_53' title='bbox 1154 1080 1237 1147; x_wconf 91' lang='lat' dir='ltr'><strong>diri-</strong></span> 
     </span>
    </p>
   </div>
   <div class='ocr_carea' id='block_1_4' title="bbox 74 1253 1244 2774">
    <p class='ocr_par' dir='ltr' id='par_1_4' title="bbox 185 1253 1241 1320">
     <span class='ocr_line' id='line_1_9' title="bbox 185 1253 1241 1320; baseline -0.002 -12"><span class='ocrx_word' id='word_1_54' title='bbox 185 1255 256 1309; x_wconf 90' lang='lat' dir='ltr'><strong>rium</strong></span> <span class='ocrx_word' id='word_1_55' title='bbox 285 1256 444 1309; x_wconf 71' lang='lat' dir='ltr'><strong>adhibentes</strong></span> <span class='ocrx_word' id='word_1_56' title='bbox 474 1255 676 1320; x_wconf 76' lang='lat' dir='ltr'><strong>ambiguitatem</strong></span> <span class='ocrx_word' id='word_1_57' title='bbox 704 1258 732 1306; x_wconf 88' lang='lat' dir='ltr'><strong>et</strong></span> <span class='ocrx_word' id='word_1_58' title='bbox 755 1253 950 1307; x_wconf 78' lang='lat' dir='ltr'><strong>obscuritatem</strong></span> <span class='ocrx_word' id='word_1_59' title='bbox 973 1255 1091 1306; x_wconf 80' lang='lat' dir='ltr'><strong>efferunt</strong></span> <span class='ocrx_word' id='word_1_60' title='bbox 1112 1255 1241 1307; x_wconf 86' lang='lat' dir='ltr'><strong>orationi.</strong></span> 
     </span>
    </p>

    <p class='ocr_par' dir='ltr' id='par_1_5' title="bbox 183 1325 1242 1390">
     <span class='ocr_line' id='line_1_10' title="bbox 183 1325 1242 1390; baseline -0.002 -12"><span class='ocrx_word' id='word_1_61' title='bbox 183 1328 235 1378; x_wconf 85' lang='lat' dir='ltr'><strong>llis</strong></span> <span class='ocrx_word' id='word_1_62' title='bbox 252 1328 286 1378; x_wconf 86' lang='lat' dir='ltr'><strong>de</strong></span> <span class='ocrx_word' id='word_1_63' title='bbox 303 1326 395 1377; x_wconf 86' lang='lat' dir='ltr'><strong>causis</strong></span> <span class='ocrx_word' id='word_1_64' title='bbox 412 1327 548 1390; x_wconf 80' lang='lat' dir='ltr'><strong>indignam</strong></span> <span class='ocrx_word' id='word_1_65' title='bbox 568 1325 689 1377; x_wconf 80' lang='lat' dir='ltr'><strong>caesare</strong></span> <span class='ocrx_word' id='word_1_66' title='bbox 705 1326 861 1390; x_wconf 86' lang='lat' dir='ltr'><strong>lectionem,</strong></span> <span class='ocrx_word' id='word_1_67' title='bbox 881 1336 960 1390; x_wconf 86' lang='lat' dir='ltr'><strong>quam</strong></span> <span class='ocrx_word' id='word_1_68' title='bbox 979 1325 1047 1377; x_wconf 90' lang='lat' dir='ltr'><strong>0ud.</strong></span> <span class='ocrx_word' id='word_1_69' title='bbox 1066 1337 1170 1389; x_wconf 84' lang='lat' dir='ltr'><strong>quoque</strong></span> <span class='ocrx_word' id='word_1_70' title='bbox 1189 1327 1242 1376; x_wconf 90' lang='lat' dir='ltr'><strong>im-</strong></span> 
     </span>
    </p>

    <p class='ocr_par' dir='ltr' id='par_1_6' title="bbox 74 1394 1241 1528">
     <span class='ocr_line' id='line_1_11' title="bbox 184 1394 1241 1462; baseline -0.001 -16"><span class='ocrx_word' id='word_1_71' title='bbox 184 1398 326 1462; x_wconf 82' lang='lat' dir='ltr'><strong>probabat,</strong></span> <span class='ocrx_word' id='word_1_72' title='bbox 346 1399 494 1445; x_wconf 81' lang='lat' dir='ltr'><strong>secuntum</strong></span> <span class='ocrx_word' id='word_1_73' title='bbox 512 1406 560 1444; x_wconf 82' lang='lat' dir='ltr'><strong>eos</strong></span> <span class='ocrx_word' id='word_1_74' title='bbox 577 1396 695 1460; x_wconf 87' lang='lat' dir='ltr'><strong>codices,</strong></span> <span class='ocrx_word' id='word_1_75' title='bbox 715 1395 760 1458; x_wconf 85' lang='lat' dir='ltr'><strong>qui</strong></span> <span class='ocrx_word' id='word_1_76' title='bbox 777 1396 806 1444; x_wconf 86' lang='lat' dir='ltr'><strong>in</strong></span> <span class='ocrx_word' id='word_1_77' title='bbox 824 1396 875 1457; x_wconf 88' lang='lat' dir='ltr'><strong>boc</strong></span> <span class='ocrx_word' id='word_1_78' title='bbox 893 1394 1065 1457; x_wconf 82' lang='lat' dir='ltr'><strong>potissimum</strong></span> <span class='ocrx_word' id='word_1_79' title='bbox 1076 1396 1147 1446; x_wconf 85' lang='lat' dir='ltr'><strong>libro</strong></span> <span class='ocrx_word' id='word_1_80' title='bbox 1162 1406 1241 1446; x_wconf 84' lang='lat' dir='ltr'><strong>suam</strong></span> 
     </span>
     <span class='ocr_line' id='line_1_12' title="bbox 74 1463 820 1528; baseline -0.004 -12"><span class='ocrx_word' id='word_1_81' title='bbox 74 1466 78 1475; x_wconf 82' lang='lat'>&#39;</span> <span class='ocrx_word' id='word_1_82' title='bbox 185 1466 266 1516; x_wconf 85' lang='lat' dir='ltr'><strong>nobis</strong></span> <span class='ocrx_word' id='word_1_83' title='bbox 283 1465 471 1517; x_wconf 86' lang='lat' dir='ltr'><strong>anctoritatem</strong></span> <span class='ocrx_word' id='word_1_84' title='bbox 492 1465 685 1528; x_wconf 89' lang='lat' dir='ltr'><strong>approbarunt,</strong></span> <span class='ocrx_word' id='word_1_85' title='bbox 703 1463 820 1515; x_wconf 85' lang='lat' dir='ltr'><strong>correxi.</strong></span> 
     </span>
    </p>

    <p class='ocr_par' dir='ltr' id='par_1_7' title="bbox 183 1526 1242 1933">
     <span class='ocr_line' id='line_1_13' title="bbox 219 1526 1240 1598; baseline -0.004 -12"><span class='ocrx_word' id='word_1_86' title='bbox 219 1536 247 1597; x_wconf 73' lang='lat' dir='ltr'>s.</span> <span class='ocrx_word' id='word_1_87' title='bbox 267 1535 294 1586; x_wconf 83' lang='grc'><strong>8.</strong></span> <span class='ocrx_word' id='word_1_88' title='bbox 309 1534 429 1594; x_wconf 85' lang='lat' dir='ltr'><strong>caesar]</strong></span> <span class='ocrx_word' id='word_1_89' title='bbox 447 1531 567 1585; x_wconf 82' lang='lat' dir='ltr'><strong>Caesari</strong></span> <span class='ocrx_word' id='word_1_90' title='bbox 584 1535 686 1598; x_wconf 57' lang='lat' dir='ltr'><strong>„uisa</strong></span> <span class='ocrx_word' id='word_1_91' title='bbox 705 1534 743 1582; x_wconf 72' lang='lat'><strong>9⁶⁸</strong></span> <span class='ocrx_word' id='word_1_92' title='bbox 761 1535 819 1585; x_wconf 77' lang='lat' dir='ltr'><strong>Pet.</strong></span> <span class='ocrx_word' id='word_1_93' title='bbox 833 1533 908 1587; x_wconf 79' lang='lat' dir='ltr'><strong>cau.</strong></span> <span class='ocrx_word' id='word_1_94' title='bbox 925 1526 1006 1583; x_wconf 80' lang='lat' dir='ltr'><strong>Voss.</strong></span> <span class='ocrx_word' id='word_1_95' title='bbox 1025 1534 1059 1582; x_wconf 98' lang='lat' dir='ltr'>A.</span> <span class='ocrx_word' id='word_1_96' title='bbox 1074 1534 1153 1595; x_wconf 74' lang='lat' dir='ltr'><strong>agn.</strong></span> <span class='ocrx_word' id='word_1_97' title='bbox 1168 1533 1240 1584; x_wconf 79' lang='lat' dir='ltr'><strong>bor.</strong></span> 
     </span>
     <span class='ocr_line' id='line_1_14' title="bbox 183 1599 1240 1667; baseline -0.002 -13"><span class='ocrx_word' id='word_1_98' title='bbox 183 1604 252 1658; x_wconf 85' lang='lat' dir='ltr'><strong>Lbb.</strong></span> <span class='ocrx_word' id='word_1_99' title='bbox 268 1604 328 1654; x_wconf 90' lang='lat' dir='ltr'><strong>Pai.</strong></span> <span class='ocrx_word' id='word_1_100' title='bbox 343 1606 426 1665; x_wconf 77' lang='lat' dir='ltr'><strong>Bong.</strong></span> <span class='ocrx_word' id='word_1_101' title='bbox 440 1606 475 1653; x_wconf 82' lang='lat' dir='ltr'>A.</span> <span class='ocrx_word' id='word_1_102' title='bbox 493 1605 551 1663; x_wconf 81' lang='lat' dir='ltr'><strong>(itio</strong></span> <span class='ocrx_word' id='word_1_103' title='bbox 567 1599 711 1667; x_wconf 78' lang='lat' dir='ltr'><strong>Coeourt‘)</strong></span> <span class='ocrx_word' id='word_1_104' title='bbox 727 1602 791 1655; x_wconf 80' lang='lat' dir='ltr'><strong>i’er.</strong></span> <span class='ocrx_word' id='word_1_105' title='bbox 805 1605 838 1654; x_wconf 88' lang='lat' dir='ltr'>A.</span> <span class='ocrx_word' id='word_1_106' title='bbox 857 1604 903 1655; x_wconf 85' lang='lat' dir='ltr'><strong>Dr.</strong></span> <span class='ocrx_word' id='word_1_107' title='bbox 918 1603 950 1652; x_wconf 85' lang='lat' dir='ltr'>A.</span> <span class='ocrx_word' id='word_1_108' title='bbox 966 1603 1046 1653; x_wconf 87' lang='lat' dir='ltr'><strong>Vrat.</strong></span> <span class='ocrx_word' id='word_1_109' title='bbox 1063 1599 1143 1652; x_wconf 79' lang='lat' dir='ltr'><strong>Aiic.</strong></span> <span class='ocrx_word' id='word_1_110' title='bbox 1159 1603 1240 1653; x_wconf 75' lang='lat' dir='ltr'><strong>(ioth.</strong></span> 
     </span>
     <span class='ocr_line' id='line_1_15' title="bbox 184 1669 1242 1738; baseline -0.001 -16"><span class='ocrx_word' id='word_1_111' title='bbox 184 1675 215 1722; x_wconf 83' lang='lat' dir='ltr'><strong>u.</strong></span> <span class='ocrx_word' id='word_1_112' title='bbox 234 1673 331 1723; x_wconf 85' lang='lat' dir='ltr'><strong>llamb.</strong></span> <span class='ocrx_word' id='word_1_113' title='bbox 349 1672 432 1728; x_wconf 83' lang='lat' dir='ltr'><strong>vind.</strong></span> <span class='ocrx_word' id='word_1_114' title='bbox 450 1674 481 1725; x_wconf 79' lang='lat' dir='ltr'><strong>ii.</strong></span> <span class='ocrx_word' id='word_1_115' title='bbox 506 1672 566 1724; x_wconf 88' lang='lat' dir='ltr'><strong>edd.</strong></span> <span class='ocrx_word' id='word_1_116' title='bbox 590 1673 655 1722; x_wconf 89' lang='lat' dir='ltr'><strong>ante</strong></span> <span class='ocrx_word' id='word_1_117' title='bbox 673 1672 743 1721; x_wconf 84' lang='lat' dir='ltr'><strong>verr.</strong></span> <span class='ocrx_word' id='word_1_118' title='bbox 762 1672 785 1738; x_wconf 82' lang='lat' dir='ltr'><strong>t.</strong></span> <span class='ocrx_word' id='word_1_119' title='bbox 800 1674 872 1736; x_wconf 86' lang='lat' dir='ltr'><strong>qnod</strong></span> <span class='ocrx_word' id='word_1_120' title='bbox 892 1669 918 1721; x_wconf 86' lang='lat' dir='ltr'><strong>si</strong></span> <span class='ocrx_word' id='word_1_121' title='bbox 933 1678 997 1724; x_wconf 88' lang='lat' dir='ltr'><strong>ante</strong></span> <span class='ocrx_word' id='word_1_122' title='bbox 1015 1672 1152 1723; x_wconf 79' lang='lat' dir='ltr'><strong>nuntiato</strong></span> <span class='ocrx_word' id='word_1_123' title='bbox 1165 1671 1242 1733; x_wconf 84' lang='lat' dir='ltr'><strong>posi-</strong></span> 
     </span>
     <span class='ocr_line' id='line_1_16' title="bbox 185 1738 1241 1808; baseline 0.001 -16"><span class='ocrx_word' id='word_1_124' title='bbox 185 1751 240 1792; x_wconf 85' lang='lat' dir='ltr'><strong>tum</strong></span> <span class='ocrx_word' id='word_1_125' title='bbox 261 1745 346 1808; x_wconf 84' lang='lat' dir='ltr'><strong>esset,</strong></span> <span class='ocrx_word' id='word_1_126' title='bbox 364 1740 430 1790; x_wconf 84' lang='lat' dir='ltr'><strong>nihii</strong></span> <span class='ocrx_word' id='word_1_127' title='bbox 447 1753 610 1804; x_wconf 83' lang='lat' dir='ltr'><strong>magnopere</strong></span> <span class='ocrx_word' id='word_1_128' title='bbox 629 1740 786 1790; x_wconf 77' lang='lat' dir='ltr'><strong>offensionis</strong></span> <span class='ocrx_word' id='word_1_129' title='bbox 803 1742 924 1792; x_wconf 87' lang='lat' dir='ltr'><strong>baberet.</strong></span> <span class='ocrx_word' id='word_1_130' title='bbox 958 1739 1000 1792; x_wconf 76' lang='lat' dir='ltr'><strong>(it.</strong></span> <span class='ocrx_word' id='word_1_131' title='bbox 1015 1753 1039 1790; x_wconf 92' lang='lat' dir='ltr'><strong>c.</strong></span> <span class='ocrx_word' id='word_1_132' title='bbox 1059 1743 1077 1791; x_wconf 81' lang='lat'><strong>6</strong></span> <span class='ocrx_word' id='word_1_133' title='bbox 1094 1738 1122 1801; x_wconf 76' lang='lat'>8.</span> <span class='ocrx_word' id='word_1_134' title='bbox 1143 1743 1174 1790; x_wconf 88' lang='lat' dir='ltr'><strong>t:</strong></span> <span class='ocrx_word' id='word_1_135' title='bbox 1195 1741 1241 1793; x_wconf 80' lang='lat' dir='ltr'><strong>bio</strong></span> 
     </span>
     <span class='ocr_line' id='line_1_17' title="bbox 184 1809 1242 1878; baseline 0 -16"><span class='ocrx_word' id='word_1_136' title='bbox 184 1811 270 1863; x_wconf 75' lang='lat' dir='ltr'><strong>rebus</strong></span> <span class='ocrx_word' id='word_1_137' title='bbox 292 1810 323 1861; x_wconf 84' lang='lat' dir='ltr'><strong>tu</strong></span> <span class='ocrx_word' id='word_1_138' title='bbox 344 1809 463 1861; x_wconf 78' lang='lat' dir='ltr'><strong>Italiam</strong></span> <span class='ocrx_word' id='word_1_139' title='bbox 485 1811 606 1862; x_wconf 73' lang='lat' dir='ltr'><strong>Caesari</strong></span> <span class='ocrx_word' id='word_1_140' title='bbox 628 1809 772 1861; x_wconf 65' lang='lat' dir='ltr'><strong>nectutis</strong></span> <span class='ocrx_word' id='word_1_141' title='bbox 786 1837 802 1851; x_wconf 92' lang='lat'>-</span> <span class='ocrx_word' id='word_1_142' title='bbox 816 1811 971 1878; x_wconf 70' lang='lat' dir='ltr'><strong>profectur</strong></span> <span class='ocrx_word' id='word_1_143' title='bbox 994 1810 1049 1864; x_wconf 83' lang='lat' dir='ltr'><strong>est.</strong></span> <span class='ocrx_word' id='word_1_144' title='bbox 1074 1810 1121 1860; x_wconf 90' lang='lat' dir='ltr'><strong>ubi</strong></span> <span class='ocrx_word' id='word_1_145' title='bbox 1142 1823 1242 1862; x_wconf 88' lang='lat' dir='ltr'><strong>rursus</strong></span> 
     </span>
     <span class='ocr_line' id='line_1_18' title="bbox 184 1879 524 1933; baseline -0.018 0"><span class='ocrx_word' id='word_1_146' title='bbox 184 1881 275 1933; x_wconf 76' lang='lat' dir='ltr'><strong>Cesar</strong></span> <span class='ocrx_word' id='word_1_147' title='bbox 292 1882 336 1930; x_wconf 85' lang='lat' dir='ltr'><strong>cst</strong></span> <span class='ocrx_word' id='word_1_148' title='bbox 352 1879 380 1929; x_wconf 91' lang='lat' dir='ltr'><strong>in</strong></span> <span class='ocrx_word' id='word_1_149' title='bbox 398 1881 470 1933; x_wconf 80' lang='lat' dir='ltr'><strong>ilar.</strong></span> <span class='ocrx_word' id='word_1_150' title='bbox 490 1883 524 1928; x_wconf 92' lang='lat' dir='ltr'>A.</span> 
     </span>
    </p>

    <p class='ocr_par' dir='ltr' id='par_1_8' title="bbox 184 1945 1243 2084">
     <span class='ocr_line' id='line_1_19' title="bbox 218 1945 1243 2014; baseline 0.001 -14"><span class='ocrx_word' id='word_1_151' title='bbox 218 1947 364 2013; x_wconf 79' lang='lat' dir='ltr'><strong>perpaucis</strong></span> <span class='ocrx_word' id='word_1_152' title='bbox 381 1953 430 2008; x_wconf 80' lang='lat' dir='ltr'><strong>ex]</strong></span> <span class='ocrx_word' id='word_1_153' title='bbox 454 1946 602 2014; x_wconf 81' lang='lat' dir='ltr'><strong>perpauci.</strong></span> <span class='ocrx_word' id='word_1_154' title='bbox 626 1947 672 1997; x_wconf 88' lang='lat' dir='ltr'>VI.</span> <span class='ocrx_word' id='word_1_155' title='bbox 691 1945 773 1998; x_wconf 84' lang='lat' dir='ltr'><strong>vind.</strong></span> <span class='ocrx_word' id='word_1_156' title='bbox 793 1949 828 2002; x_wconf 92' lang='lat' dir='ltr'>A.</span> <span class='ocrx_word' id='word_1_157' title='bbox 846 1948 892 2009; x_wconf 90' lang='lat' dir='ltr'><strong>(in</strong></span> <span class='ocrx_word' id='word_1_158' title='bbox 911 1948 961 1999; x_wconf 85' lang='lat' dir='ltr'><strong>Dr.</strong></span> <span class='ocrx_word' id='word_1_159' title='bbox 977 1948 1011 2000; x_wconf 82' lang='grc' dir='ltr'><strong>Β.</strong></span> <span class='ocrx_word' id='word_1_160' title='bbox 1029 1960 1068 2000; x_wconf 81' lang='lat' dir='ltr'><strong>eu</strong></span> <span class='ocrx_word' id='word_1_161' title='bbox 1085 1946 1157 2000; x_wconf 87' lang='lat' dir='ltr'><strong>inter</strong></span> <span class='ocrx_word' id='word_1_162' title='bbox 1175 1962 1243 2001; x_wconf 85' lang='lat' dir='ltr'><strong>ver-</strong></span> 
     </span>
     <span class='ocr_line' id='line_1_20' title="bbox 184 2012 1126 2084; baseline -0.003 -15"><span class='ocrx_word' id='word_1_163' title='bbox 184 2031 234 2069; x_wconf 88' lang='lat' dir='ltr'><strong>sus</strong></span> <span class='ocrx_word' id='word_1_164' title='bbox 252 2018 392 2084; x_wconf 85' lang='lat' dir='ltr'><strong>scriptum,</strong></span> <span class='ocrx_word' id='word_1_165' title='bbox 412 2016 440 2068; x_wconf 89' lang='lat' dir='ltr'><strong>in</strong></span> <span class='ocrx_word' id='word_1_166' title='bbox 463 2018 544 2066; x_wconf 85' lang='lat' dir='ltr'><strong>Vrat.</strong></span> <span class='ocrx_word' id='word_1_167' title='bbox 562 2017 592 2068; x_wconf 84' lang='lat' dir='ltr'>c.</span> <span class='ocrx_word' id='word_1_168' title='bbox 612 2017 693 2069; x_wconf 79' lang='lat' dir='ltr'><strong>Goth.</strong></span> <span class='ocrx_word' id='word_1_169' title='bbox 710 2017 740 2066; x_wconf 84' lang='grc' dir='ltr'><strong>Β.</strong></span> <span class='ocrx_word' id='word_1_170' title='bbox 759 2018 890 2068; x_wconf 85' lang='lat' dir='ltr'><strong>omissum</strong></span> <span class='ocrx_word' id='word_1_171' title='bbox 906 2012 977 2082; x_wconf 82' lang='lat' dir='ltr'><strong>est.)</strong></span> <span class='ocrx_word' id='word_1_172' title='bbox 1123 2035 1126 2040; x_wconf 79' lang='lat'>-</span> 
     </span>
    </p>

    <p class='ocr_par' dir='ltr' id='par_1_9' title="bbox 182 2085 1243 2357">
     <span class='ocr_line' id='line_1_21' title="bbox 218 2085 1241 2157; baseline 0 -19"><span class='ocrx_word' id='word_1_173' title='bbox 218 2086 322 2155; x_wconf 88' lang='lat' dir='ltr'><strong>cuncti]</strong></span> <span class='ocrx_word' id='word_1_174' title='bbox 340 2099 392 2138; x_wconf 89' lang='lat' dir='ltr'><strong>orn.</strong></span> <span class='ocrx_word' id='word_1_175' title='bbox 412 2085 491 2157; x_wconf 81' lang='lat' dir='ltr'><strong>Leid.</strong></span> <span class='ocrx_word' id='word_1_176' title='bbox 510 2086 540 2135; x_wconf 82' lang='lat' dir='ltr'><strong>b.</strong></span> <span class='ocrx_word' id='word_1_177' title='bbox 559 2086 621 2137; x_wconf 85' lang='lat' dir='ltr'><strong>uici</strong></span> <span class='ocrx_word' id='word_1_178' title='bbox 639 2088 708 2136; x_wconf 90' lang='lat' dir='ltr'><strong>And.</strong></span> <span class='ocrx_word' id='word_1_179' title='bbox 727 2086 778 2137; x_wconf 89' lang='lat' dir='ltr'>0x.</span> <span class='ocrx_word' id='word_1_180' title='bbox 797 2086 849 2138; x_wconf 82' lang='lat' dir='ltr'><strong>cu.</strong></span> <span class='ocrx_word' id='word_1_181' title='bbox 866 2086 943 2137; x_wconf 79' lang='lat' dir='ltr'><strong>Laid.</strong></span> <span class='ocrx_word' id='word_1_182' title='bbox 961 2088 996 2137; x_wconf 87' lang='lat' dir='ltr'>A.</span> <span class='ocrx_word' id='word_1_183' title='bbox 1013 2085 1086 2137; x_wconf 83' lang='lat' dir='ltr'><strong>iiav.</strong></span> <span class='ocrx_word' id='word_1_184' title='bbox 1105 2088 1139 2140; x_wconf 81' lang='lat' dir='ltr'>A.</span> <span class='ocrx_word' id='word_1_185' title='bbox 1156 2087 1241 2138; x_wconf 80' lang='lat' dir='ltr'><strong>vind.</strong></span> 
     </span>
     <span class='ocr_line' id='line_1_22' title="bbox 182 2153 1243 2217; baseline -0.001 -11"><span class='ocrx_word' id='word_1_186' title='bbox 182 2157 218 2206; x_wconf 87' lang='lat' dir='ltr'><strong>A.</strong></span> <span class='ocrx_word' id='word_1_187' title='bbox 234 2157 334 2208; x_wconf 80' lang='lat' dir='ltr'><strong>cuncti</strong></span> <span class='ocrx_word' id='word_1_188' title='bbox 349 2155 412 2208; x_wconf 77' lang='lat' dir='ltr'><strong>cirri</strong></span> <span class='ocrx_word' id='word_1_189' title='bbox 429 2157 496 2208; x_wconf 86' lang='lat' dir='ltr'><strong>oud.</strong></span> <span class='ocrx_word' id='word_1_190' title='bbox 516 2159 586 2217; x_wconf 84' lang='lat' dir='ltr'><strong>qnod</strong></span> <span class='ocrx_word' id='word_1_191' title='bbox 605 2167 658 2204; x_wconf 92' lang='lat' dir='ltr'><strong>non</strong></span> <span class='ocrx_word' id='word_1_192' title='bbox 677 2155 763 2205; x_wconf 89' lang='lat' dir='ltr'><strong>scium</strong></span> <span class='ocrx_word' id='word_1_193' title='bbox 780 2157 815 2206; x_wconf 90' lang='lat' dir='ltr'><strong>ad</strong></span> <span class='ocrx_word' id='word_1_194' title='bbox 834 2153 1024 2216; x_wconf 83' lang='lat' dir='ltr'><strong>explicandam</strong></span> <span class='ocrx_word' id='word_1_195' title='bbox 1042 2153 1165 2206; x_wconf 88' lang='lat' dir='ltr'><strong>codicum</strong></span> <span class='ocrx_word' id='word_1_196' title='bbox 1182 2158 1243 2207; x_wconf 86' lang='lat' dir='ltr'><strong>dis-</strong></span> 
     </span>
     <span class='ocr_line' id='line_1_23' title="bbox 182 2224 1242 2290; baseline -0.002 -15"><span class='ocrx_word' id='word_1_197' title='bbox 182 2227 369 2290; x_wconf 84' lang='lat' dir='ltr'><strong>crepantiam,</strong></span> <span class='ocrx_word' id='word_1_198' title='bbox 389 2227 438 2275; x_wconf 84' lang='lat' dir='ltr'><strong>sed</strong></span> <span class='ocrx_word' id='word_1_199' title='bbox 456 2224 537 2274; x_wconf 89' lang='lat' dir='ltr'><strong>etiam</strong></span> <span class='ocrx_word' id='word_1_200' title='bbox 555 2225 591 2274; x_wconf 90' lang='lat' dir='ltr'><strong>ad</strong></span> <span class='ocrx_word' id='word_1_201' title='bbox 610 2235 719 2272; x_wconf 89' lang='lat' dir='ltr'><strong>sensum</strong></span> <span class='ocrx_word' id='word_1_202' title='bbox 738 2224 809 2273; x_wconf 84' lang='lat' dir='ltr'><strong>sotis</strong></span> <span class='ocrx_word' id='word_1_203' title='bbox 826 2226 919 2288; x_wconf 87' lang='lat' dir='ltr'><strong>aptum</strong></span> <span class='ocrx_word' id='word_1_204' title='bbox 938 2227 991 2276; x_wconf 83' lang='lat' dir='ltr'><strong>est.</strong></span> <span class='ocrx_word' id='word_1_205' title='bbox 1025 2225 1094 2285; x_wconf 83' lang='lat' dir='ltr'><strong>Nam</strong></span> <span class='ocrx_word' id='word_1_206' title='bbox 1114 2224 1142 2275; x_wconf 90' lang='lat' dir='ltr'><strong>in</strong></span> <span class='ocrx_word' id='word_1_207' title='bbox 1161 2224 1242 2288; x_wconf 88' lang='lat' dir='ltr'><strong>oppi-</strong></span> 
     </span>
     <span class='ocr_line' id='line_1_24' title="bbox 183 2291 1243 2357; baseline 0.001 -14"><span class='ocrx_word' id='word_1_208' title='bbox 183 2296 277 2346; x_wconf 81' lang='lat' dir='ltr'><strong>dorum</strong></span> <span class='ocrx_word' id='word_1_209' title='bbox 303 2293 547 2356; x_wconf 79' lang='lat' dir='ltr'><strong>expugnationibus</strong></span> <span class='ocrx_word' id='word_1_210' title='bbox 571 2293 663 2353; x_wconf 85' lang='lat' dir='ltr'><strong>piures</strong></span> <span class='ocrx_word' id='word_1_211' title='bbox 690 2292 824 2357; x_wconf 83' lang='lat' dir='ltr'><strong>interfici,</strong></span> <span class='ocrx_word' id='word_1_212' title='bbox 857 2304 937 2356; x_wconf 81' lang='lat' dir='ltr'><strong>quam</strong></span> <span class='ocrx_word' id='word_1_213' title='bbox 962 2292 1023 2343; x_wconf 82' lang='lat' dir='ltr'><strong>viri</strong></span> <span class='ocrx_word' id='word_1_214' title='bbox 1052 2291 1115 2356; x_wconf 81' lang='lat' dir='ltr'><strong>capt</strong></span> <span class='ocrx_word' id='word_1_215' title='bbox 1142 2297 1243 2345; x_wconf 87' lang='lat' dir='ltr'><strong>soient.</strong></span> 
     </span>
    </p>

    <p class='ocr_par' dir='ltr' id='par_1_10' title="bbox 134 2361 1244 2635">
     <span class='ocr_line' id='line_1_25' title="bbox 134 2361 1243 2427; baseline 0.002 -14"><span class='ocrx_word' id='word_1_216' title='bbox 134 2380 167 2425; x_wconf 49' lang='lat' dir='ltr'>x</span> <span class='ocrx_word' id='word_1_217' title='bbox 184 2364 285 2413; x_wconf 74' lang='lat' dir='ltr'><strong>Tamen</strong></span> <span class='ocrx_word' id='word_1_218' title='bbox 303 2363 403 2414; x_wconf 81' lang='lat' dir='ltr'><strong>cuncti</strong></span> <span class='ocrx_word' id='word_1_219' title='bbox 423 2361 552 2411; x_wconf 82' lang='lat' dir='ltr'><strong>sufficere</strong></span> <span class='ocrx_word' id='word_1_220' title='bbox 571 2372 662 2425; x_wconf 86' lang='lat' dir='ltr'><strong>posse,</strong></span> <span class='ocrx_word' id='word_1_221' title='bbox 680 2361 740 2412; x_wconf 83' lang='lat' dir='ltr'><strong>uiui</strong></span> <span class='ocrx_word' id='word_1_222' title='bbox 757 2364 804 2413; x_wconf 92' lang='lat' dir='ltr'><strong>aut</strong></span> <span class='ocrx_word' id='word_1_223' title='bbox 816 2373 910 2413; x_wconf 88' lang='lat' dir='ltr'><strong>errore</strong></span> <span class='ocrx_word' id='word_1_224' title='bbox 925 2367 973 2412; x_wconf 86' lang='lat' dir='ltr'><strong>aut</strong></span> <span class='ocrx_word' id='word_1_225' title='bbox 985 2362 1146 2427; x_wconf 73' lang='lat' dir='ltr'><strong>praenarret,</strong></span> <span class='ocrx_word' id='word_1_226' title='bbox 1164 2377 1243 2427; x_wconf 82' lang='lat' dir='ltr'><strong>qoem</strong></span> 
     </span>
     <span class='ocr_line' id='line_1_26' title="bbox 185 2419 1244 2495; baseline 0 -13"><span class='ocrx_word' id='word_1_227' title='bbox 185 2432 252 2482; x_wconf 91' lang='lat' dir='ltr'><strong>illud</strong></span> <span class='ocrx_word' id='word_1_228' title='bbox 272 2433 393 2495; x_wconf 87' lang='lat' dir='ltr'><strong>baberet,</strong></span> <span class='ocrx_word' id='word_1_229' title='bbox 409 2429 522 2482; x_wconf 82' lang='lat' dir='ltr'><strong>totiendi</strong></span> <span class='ocrx_word' id='word_1_230' title='bbox 538 2440 625 2479; x_wconf 76' lang='lat' dir='ltr'><strong>carrae</strong></span> <span class='ocrx_word' id='word_1_231' title='bbox 640 2430 745 2480; x_wconf 87' lang='lat' dir='ltr'><strong>iiiatnm</strong></span> <span class='ocrx_word' id='word_1_232' title='bbox 762 2419 902 2486; x_wconf 68' lang='lat' dir='ltr'><strong>vincturi</strong></span> <span class='ocrx_word' id='word_1_233' title='bbox 917 2432 1043 2482; x_wconf 82' lang='lat' dir='ltr'><strong>ceterum</strong></span> <span class='ocrx_word' id='word_1_234' title='bbox 1057 2432 1125 2486; x_wconf 90' lang='lat' dir='ltr'><strong>0nd.</strong></span> <span class='ocrx_word' id='word_1_235' title='bbox 1138 2432 1167 2482; x_wconf 92' lang='lat' dir='ltr'><strong>in</strong></span> <span class='ocrx_word' id='word_1_236' title='bbox 1181 2430 1244 2484; x_wconf 82' lang='lat' dir='ltr'><strong>u&#39;dn.</strong></span> 
     </span>
     <span class='ocr_line' id='line_1_27' title="bbox 184 2498 1244 2565; baseline -0.001 -14"><span class='ocrx_word' id='word_1_237' title='bbox 184 2510 395 2552; x_wconf 85' lang='lat' dir='ltr'><strong>commemorata</strong></span> <span class='ocrx_word' id='word_1_238' title='bbox 412 2498 565 2559; x_wconf 86' lang='lat' dir='ltr'><strong>scripturae</strong></span> <span class='ocrx_word' id='word_1_239' title='bbox 581 2499 606 2547; x_wconf 87' lang='lat' dir='ltr'><strong>di</strong></span> <span class='ocrx_word' id='word_1_240' title='bbox 612 2500 741 2553; x_wconf 87' lang='lat' dir='ltr'><strong>versitate</strong></span> <span class='ocrx_word' id='word_1_241' title='bbox 755 2504 860 2552; x_wconf 86' lang='lat' dir='ltr'><strong>tantum</strong></span> <span class='ocrx_word' id='word_1_242' title='bbox 874 2510 1038 2565; x_wconf 86' lang='lat' dir='ltr'><strong>„utrumque</strong></span> <span class='ocrx_word' id='word_1_243' title='bbox 1052 2502 1244 2554; x_wconf 85' lang='lat' dir='ltr'><strong>admitterem“</strong></span> 
     </span>
     <span class='ocr_line' id='line_1_28' title="bbox 185 2567 1102 2635; baseline 0.003 -15"><span class='ocrx_word' id='word_1_244' title='bbox 185 2570 309 2635; x_wconf 86' lang='lat' dir='ltr'><strong>scripsit,</strong></span> <span class='ocrx_word' id='word_1_245' title='bbox 330 2579 359 2618; x_wconf 85' lang='lat' dir='ltr'><strong>ut</strong></span> <span class='ocrx_word' id='word_1_246' title='bbox 378 2567 496 2618; x_wconf 84' lang='lat' dir='ltr'><strong>dubitari</strong></span> <span class='ocrx_word' id='word_1_247' title='bbox 515 2568 612 2631; x_wconf 82' lang='lat' dir='ltr'><strong>possit,</strong></span> <span class='ocrx_word' id='word_1_248' title='bbox 631 2581 666 2620; x_wconf 92' lang='lat' dir='ltr'><strong>an</strong></span> <span class='ocrx_word' id='word_1_249' title='bbox 684 2567 768 2632; x_wconf 84' lang='lat' dir='ltr'><strong>recipi</strong></span> <span class='ocrx_word' id='word_1_250' title='bbox 785 2568 814 2620; x_wconf 93' lang='lat' dir='ltr'><strong>in</strong></span> <span class='ocrx_word' id='word_1_251' title='bbox 833 2570 955 2620; x_wconf 82' lang='lat' dir='ltr'><strong>ordinem</strong></span> <span class='ocrx_word' id='word_1_252' title='bbox 975 2570 1102 2623; x_wconf 85' lang='lat' dir='ltr'><strong>notuerit.</strong></span> 
     </span>
    </p>

    <p class='ocr_par' dir='ltr' id='par_1_11' title="bbox 184 2636 1243 2774">
     <span class='ocr_line' id='line_1_29' title="bbox 221 2636 1242 2697; baseline 0.002 -9"><span class='ocrx_word' id='word_1_253' title='bbox 221 2637 416 2697; x_wconf 83' lang='lat' dir='ltr'><strong>multitudinis]</strong></span> <span class='ocrx_word' id='word_1_254' title='bbox 435 2636 613 2687; x_wconf 81' lang='lat' dir='ltr'><strong>multitudini</strong></span> <span class='ocrx_word' id='word_1_255' title='bbox 630 2640 699 2688; x_wconf 88' lang='lat' dir='ltr'><strong>And.</strong></span> <span class='ocrx_word' id='word_1_256' title='bbox 716 2638 765 2691; x_wconf 82' lang='lat' dir='ltr'><strong>Cu.</strong></span> <span class='ocrx_word' id='word_1_257' title='bbox 782 2640 809 2688; x_wconf 76' lang='lat' dir='ltr'>S.</span> <span class='ocrx_word' id='word_1_258' title='bbox 828 2640 905 2689; x_wconf 82' lang='lat' dir='ltr'><strong>Leid.</strong></span> <span class='ocrx_word' id='word_1_259' title='bbox 920 2642 954 2690; x_wconf 91' lang='lat' dir='ltr'><strong>A.</strong></span> <span class='ocrx_word' id='word_1_260' title='bbox 972 2640 1044 2696; x_wconf 81' lang='lat' dir='ltr'><strong>flav.</strong></span> <span class='ocrx_word' id='word_1_261' title='bbox 1056 2642 1090 2693; x_wconf 83' lang='lat' dir='ltr'>A.</span> <span class='ocrx_word' id='word_1_262' title='bbox 1110 2637 1194 2690; x_wconf 85' lang='lat' dir='ltr'><strong>Vind·</strong></span> <span class='ocrx_word' id='word_1_263' title='bbox 1208 2643 1242 2690; x_wconf 90' lang='lat' dir='ltr'>A.</span> 
     </span>
     <span class='ocr_line' id='line_1_30' title="bbox 184 2702 1243 2774; baseline 0.004 -16"><span class='ocrx_word' id='word_1_264' title='bbox 184 2709 248 2759; x_wconf 87' lang='lat' dir='ltr'><strong>Aid.</strong></span> <span class='ocrx_word' id='word_1_265' title='bbox 275 2709 318 2760; x_wconf 94' lang='lat' dir='ltr'><strong>ab.</strong></span> <span class='ocrx_word' id='word_1_266' title='bbox 344 2709 393 2761; x_wconf 75' lang='lat' dir='ltr'><strong>tir.</strong></span> <span class='ocrx_word' id='word_1_267' title='bbox 418 2708 461 2757; x_wconf 89' lang='lat' dir='ltr'><strong>ab.</strong></span> <span class='ocrx_word' id='word_1_268' title='bbox 479 2702 565 2757; x_wconf 82' lang='lat' dir='ltr'><strong>Vasc.</strong></span> <span class='ocrx_word' id='word_1_269' title='bbox 582 2708 622 2756; x_wconf 78' lang='lat' dir='ltr'><strong>st.</strong></span> <span class='ocrx_word' id='word_1_270' title='bbox 649 2708 680 2759; x_wconf 84' lang='lat' dir='ltr'>P.</span> <span class='ocrx_word' id='word_1_271' title='bbox 698 2710 771 2759; x_wconf 87' lang='lat' dir='ltr'><strong>Man.</strong></span> <span class='ocrx_word' id='word_1_272' title='bbox 792 2707 908 2774; x_wconf 78' lang='lat' dir='ltr'><strong>(tirell.)</strong></span> <span class='ocrx_word' id='word_1_273' title='bbox 930 2709 998 2762; x_wconf 90' lang='lat' dir='ltr'><strong>0ud.</strong></span> <span class='ocrx_word' id='word_1_274' title='bbox 1018 2707 1140 2774; x_wconf 88' lang='lat' dir='ltr'><strong>quisine</strong></span> <span class='ocrx_word' id='word_1_275' title='bbox 1161 2709 1243 2762; x_wconf 89' lang='lat' dir='ltr'><strong>dnbio</strong></span> 
     </span>
    </p>
   </div>
   <div class='ocr_carea' id='block_1_5' title="bbox 148 2859 1246 4246">
    <p class='ocr_par' dir='ltr' id='par_1_12' title="bbox 148 2859 1246 4246">
     <span class='ocr_line' id='line_1_31' title="bbox 202 2859 1246 2929; baseline 0.001 -14"><span class='ocrx_word' id='word_1_276' title='bbox 202 2861 229 2924; x_wconf 77' lang='lat' dir='ltr'><strong>S·</strong></span> <span class='ocrx_word' id='word_1_277' title='bbox 261 2863 280 2915; x_wconf 89' lang='lat'>8</span> <span class='ocrx_word' id='word_1_278' title='bbox 310 2863 457 2927; x_wconf 88' lang='lat' dir='ltr'><strong>perpaucis</strong></span> <span class='ocrx_word' id='word_1_279' title='bbox 471 2889 485 2901; x_wconf 93' lang='lat'>-</span> <span class='ocrx_word' id='word_1_280' title='bbox 500 2859 675 2927; x_wconf 82' lang='lat' dir='ltr'><strong>desideratis]</strong></span> <span class='ocrx_word' id='word_1_281' title='bbox 719 2862 804 2927; x_wconf 87' lang='lat' dir='ltr'><strong>iuris,</strong></span> <span class='ocrx_word' id='word_1_282' title='bbox 829 2865 879 2914; x_wconf 84' lang='lat' dir='ltr'><strong>sed</strong></span> <span class='ocrx_word' id='word_1_283' title='bbox 900 2864 927 2914; x_wconf 92' lang='lat' dir='ltr'><strong>in</strong></span> <span class='ocrx_word' id='word_1_284' title='bbox 944 2864 1063 2916; x_wconf 87' lang='lat' dir='ltr'><strong>alienam</strong></span> <span class='ocrx_word' id='word_1_285' title='bbox 1082 2868 1246 2929; x_wconf 87' lang='lat' dir='ltr'><strong>potestatem</strong></span> 
     </span>
     <span class='ocr_line' id='line_1_32' title="bbox 149 2930 928 3009; baseline 0.006 -28"><span class='ocrx_word' id='word_1_286' title='bbox 149 2930 275 2994; x_wconf 88' lang='lat' dir='ltr'><strong>Abiativi</strong></span> <span class='ocrx_word' id='word_1_287' title='bbox 292 2946 350 2983; x_wconf 89' lang='lat' dir='ltr'><strong>rem</strong></span> <span class='ocrx_word' id='word_1_288' title='bbox 367 2946 421 3009; x_wconf 82' lang='lat' dir='ltr'><strong>npn</strong></span> <span class='ocrx_word' id='word_1_289' title='bbox 438 2933 513 2996; x_wconf 88' lang='lat' dir='ltr'><strong>aute,</strong></span> <span class='ocrx_word' id='word_1_290' title='bbox 529 2944 607 2992; x_wconf 79' lang='lat' dir='ltr'><strong>quain</strong></span> <span class='ocrx_word' id='word_1_291' title='bbox 627 2944 676 2992; x_wconf 91' lang='lat' dir='ltr'><strong>op·</strong></span> <span class='ocrx_word' id='word_1_292' title='bbox 718 2934 824 2985; x_wconf 86' lang='lat' dir='ltr'><strong>redacti</strong></span> <span class='ocrx_word' id='word_1_293' title='bbox 840 2943 928 2986; x_wconf 87' lang='lat' dir='ltr'><strong>erant.</strong></span> 
     </span>
     <span class='ocr_line' id='line_1_33' title="bbox 150 3001 1245 3068; baseline -0.008 -17"><span class='ocrx_word' id='word_1_294' title='bbox 150 3001 213 3065; x_wconf 89' lang='lat' dir='ltr'><strong>pido</strong></span> <span class='ocrx_word' id='word_1_295' title='bbox 231 3003 380 3068; x_wconf 87' lang='lat' dir='ltr'><strong>potiretur,</strong></span> <span class='ocrx_word' id='word_1_296' title='bbox 410 3003 459 3051; x_wconf 85' lang='lat' dir='ltr'><strong>sed</strong></span> <span class='ocrx_word' id='word_1_297' title='bbox 476 3001 556 3050; x_wconf 80' lang='lat' dir='ltr'><strong>simui</strong></span> <span class='ocrx_word' id='word_1_298' title='bbox 574 3002 676 3051; x_wconf 82' lang='lat' dir='ltr'><strong>iactam</strong></span> <span class='ocrx_word' id='word_1_299' title='bbox 771 3003 838 3067; x_wconf 79' lang='lat' dir='ltr'><strong>quta</strong></span> <span class='ocrx_word' id='word_1_300' title='bbox 850 3004 941 3054; x_wconf 86' lang='lat' dir='ltr'><strong>cuncti</strong></span> <span class='ocrx_word' id='word_1_301' title='bbox 953 3004 1132 3066; x_wconf 86' lang='lat' dir='ltr'><strong>caperentur]</strong></span> <span class='ocrx_word' id='word_1_302' title='bbox 1151 3004 1245 3065; x_wconf 69' lang='lat' dir='ltr'>Nega.</span> 
     </span>
     <span class='ocr_line' id='line_1_34' title="bbox 149 3070 1246 3137; baseline 0.002 -15"><span class='ocrx_word' id='word_1_303' title='bbox 149 3070 273 3122; x_wconf 86' lang='lat' dir='ltr'><strong>indicant</strong></span> <span class='ocrx_word' id='word_1_304' title='bbox 295 3074 376 3134; x_wconf 83' lang='lat' dir='ltr'><strong>atque</strong></span> <span class='ocrx_word' id='word_1_305' title='bbox 393 3083 470 3132; x_wconf 83' lang='lat' dir='ltr'><strong>eam,</strong></span> <span class='ocrx_word' id='word_1_306' title='bbox 500 3081 570 3131; x_wconf 86' lang='lat' dir='ltr'><strong>quae</strong></span> <span class='ocrx_word' id='word_1_307' title='bbox 588 3083 675 3132; x_wconf 85' lang='lat' dir='ltr'><strong>expu-</strong></span> <span class='ocrx_word' id='word_1_308' title='bbox 719 3071 774 3135; x_wconf 88' lang='lat' dir='ltr'><strong>tio,</strong></span> <span class='ocrx_word' id='word_1_309' title='bbox 805 3085 883 3137; x_wconf 81' lang='lat' dir='ltr'><strong>qoam</strong></span> <span class='ocrx_word' id='word_1_310' title='bbox 906 3072 1068 3123; x_wconf 84' lang='lat' dir='ltr'><strong>antecedere</strong></span> <span class='ocrx_word' id='word_1_311' title='bbox 1088 3072 1157 3137; x_wconf 82' lang='lat' dir='ltr'><strong>quin</strong></span> <span class='ocrx_word' id='word_1_312' title='bbox 1177 3086 1246 3124; x_wconf 92' lang='lat' dir='ltr'><strong>cou-</strong></span> 
     </span>
     <span class='ocr_line' id='line_1_35' title="bbox 151 3138 1245 3206; baseline 0.002 -16"><span class='ocrx_word' id='word_1_313' title='bbox 151 3141 289 3204; x_wconf 73' lang='lat' dir='ltr'><strong>gnetionis</strong></span> <span class='ocrx_word' id='word_1_314' title='bbox 307 3141 439 3193; x_wconf 85' lang='lat' dir='ltr'><strong>rationem</strong></span> <span class='ocrx_word' id='word_1_315' title='bbox 454 3143 482 3188; x_wconf 89' lang='lat' dir='ltr'><strong>et</strong></span> <span class='ocrx_word' id='word_1_316' title='bbox 496 3138 676 3189; x_wconf 81' lang='lat' dir='ltr'><strong>conditionem</strong></span> <span class='ocrx_word' id='word_1_317' title='bbox 720 3142 850 3194; x_wconf 88' lang='lat' dir='ltr'><strong>iunctioni</strong></span> <span class='ocrx_word' id='word_1_318' title='bbox 868 3143 983 3204; x_wconf 86' lang='lat' dir='ltr'><strong>oportet,</strong></span> <span class='ocrx_word' id='word_1_319' title='bbox 1001 3150 1065 3206; x_wconf 89' lang='lat' dir='ltr'><strong>non,</strong></span> <span class='ocrx_word' id='word_1_320' title='bbox 1085 3149 1114 3189; x_wconf 90' lang='lat' dir='ltr'><strong>ut</strong></span> <span class='ocrx_word' id='word_1_321' title='bbox 1133 3142 1245 3193; x_wconf 81' lang='lat' dir='ltr'><strong>Ddbne·</strong></span> 
     </span>
     <span class='ocr_line' id='line_1_36' title="bbox 149 3208 1244 3280; baseline 0.002 -20"><span class='ocrx_word' id='word_1_322' title='bbox 149 3210 266 3271; x_wconf 87' lang='lat' dir='ltr'><strong>amplius</strong></span> <span class='ocrx_word' id='word_1_323' title='bbox 284 3212 414 3260; x_wconf 87' lang='lat' dir='ltr'><strong>declaret.</strong></span> <span class='ocrx_word' id='word_1_324' title='bbox 451 3208 547 3270; x_wconf 82' lang='lat' dir='ltr'><strong>itaque</strong></span> <span class='ocrx_word' id='word_1_325' title='bbox 564 3211 676 3277; x_wconf 79' lang='lat' dir='ltr'><strong>apposi-</strong></span> <span class='ocrx_word' id='word_1_326' title='bbox 718 3224 767 3262; x_wconf 83' lang='lat' dir='ltr'><strong>rus</strong></span> <span class='ocrx_word' id='word_1_327' title='bbox 786 3211 907 3274; x_wconf 88' lang='lat' dir='ltr'><strong>putabat,</strong></span> <span class='ocrx_word' id='word_1_328' title='bbox 924 3210 952 3260; x_wconf 91' lang='lat' dir='ltr'><strong>in</strong></span> <span class='ocrx_word' id='word_1_329' title='bbox 970 3209 1055 3258; x_wconf 91' lang='lat' dir='ltr'><strong>verbo</strong></span> <span class='ocrx_word' id='word_1_330' title='bbox 1068 3209 1244 3280; x_wconf 79' lang='lat' dir='ltr'><strong>desiderari,</strong></span> 
     </span>
     <span class='ocr_line' id='line_1_37' title="bbox 149 3277 1244 3348; baseline 0.004 -19"><span class='ocrx_word' id='word_1_331' title='bbox 149 3278 232 3330; x_wconf 86' lang='lat' dir='ltr'><strong>tionis</strong></span> <span class='ocrx_word' id='word_1_332' title='bbox 255 3281 335 3331; x_wconf 87' lang='lat' dir='ltr'><strong>modo</strong></span> <span class='ocrx_word' id='word_1_333' title='bbox 354 3277 455 3329; x_wconf 88' lang='lat' dir='ltr'><strong>adiecti</strong></span> <span class='ocrx_word' id='word_1_334' title='bbox 476 3280 555 3341; x_wconf 86' lang='lat' dir='ltr'><strong>sunt,</strong></span> <span class='ocrx_word' id='word_1_335' title='bbox 587 3286 617 3327; x_wconf 87' lang='lat' dir='ltr'><strong>ut</strong></span> <span class='ocrx_word' id='word_1_336' title='bbox 634 3277 675 3328; x_wconf 86' lang='lat' dir='ltr'><strong>ilii</strong></span> <span class='ocrx_word' id='word_1_337' title='bbox 719 3280 791 3343; x_wconf 82' lang='lat' dir='ltr'><strong>quod</strong></span> <span class='ocrx_word' id='word_1_338' title='bbox 808 3280 876 3329; x_wconf 88' lang='lat' dir='ltr'><strong>idem</strong></span> <span class='ocrx_word' id='word_1_339' title='bbox 900 3278 937 3328; x_wconf 79' lang='lat' dir='ltr'><strong>sit</strong></span> <span class='ocrx_word' id='word_1_340' title='bbox 955 3280 1037 3340; x_wconf 84' lang='lat' dir='ltr'><strong>atquo</strong></span> <span class='ocrx_word' id='word_1_341' title='bbox 1054 3293 1112 3330; x_wconf 85' lang='lat' dir='ltr'><strong>nou</strong></span> <span class='ocrx_word' id='word_1_342' title='bbox 1131 3283 1244 3348; x_wconf 80' lang='lat' dir='ltr'><strong>adesse,</strong></span> 
     </span>
     <span class='ocr_line' id='line_1_38' title="bbox 149 3346 1246 3418; baseline 0.002 -20"><span class='ocrx_word' id='word_1_343' title='bbox 149 3351 177 3411; x_wconf 86' lang='grc'><strong>6,</strong></span> <span class='ocrx_word' id='word_1_344' title='bbox 197 3347 231 3399; x_wconf 82' lang='lat'><strong>14</strong></span> <span class='ocrx_word' id='word_1_345' title='bbox 247 3349 275 3410; x_wconf 71' lang='lat' dir='ltr'>s.</span> <span class='ocrx_word' id='word_1_346' title='bbox 293 3347 309 3400; x_wconf 81' lang='lat'>5</span> <span class='ocrx_word' id='word_1_347' title='bbox 328 3352 407 3401; x_wconf 82' lang='lat' dir='ltr'><strong>metu</strong></span> <span class='ocrx_word' id='word_1_348' title='bbox 423 3346 527 3397; x_wconf 85' lang='lat' dir='ltr'><strong>mortio</strong></span> <span class='ocrx_word' id='word_1_349' title='bbox 547 3348 676 3412; x_wconf 83' lang='lat' dir='ltr'><strong>neplecto</strong></span> <span class='ocrx_word' id='word_1_350' title='bbox 718 3349 768 3399; x_wconf 81' lang='lat' dir='ltr'><strong>sed</strong></span> <span class='ocrx_word' id='word_1_351' title='bbox 791 3348 818 3398; x_wconf 93' lang='lat' dir='ltr'><strong>in</strong></span> <span class='ocrx_word' id='word_1_352' title='bbox 841 3347 948 3407; x_wconf 84' lang='lat' dir='ltr'><strong>nornine</strong></span> <span class='ocrx_word' id='word_1_353' title='bbox 976 3349 1133 3410; x_wconf 81' lang='lat' dir='ltr'><strong>perpaucis</strong></span> <span class='ocrx_word' id='word_1_354' title='bbox 1161 3352 1246 3418; x_wconf 86' lang='lat' dir='ltr'><strong>inest,</strong></span> 
     </span>
     <span class='ocr_line' id='line_1_39' title="bbox 150 3415 1244 3488; baseline 0.004 -21"><span class='ocrx_word' id='word_1_355' title='bbox 150 3420 180 3467; x_wconf 86' lang='lat' dir='ltr'><strong>et</strong></span> <span class='ocrx_word' id='word_1_356' title='bbox 197 3419 235 3470; x_wconf 90' lang='lat' dir='ltr'><strong>ib.</strong></span> <span class='ocrx_word' id='word_1_357' title='bbox 252 3422 287 3469; x_wconf 83' lang='grc'><strong>23</strong></span> <span class='ocrx_word' id='word_1_358' title='bbox 305 3421 331 3482; x_wconf 84' lang='lat'>§.</span> <span class='ocrx_word' id='word_1_359' title='bbox 349 3422 366 3468; x_wconf 78' lang='lat'><strong><em>3</em></strong></span> <span class='ocrx_word' id='word_1_360' title='bbox 384 3415 554 3480; x_wconf 83' lang='lat' dir='ltr'><strong>repentinae</strong></span> <span class='ocrx_word' id='word_1_361' title='bbox 571 3417 675 3468; x_wconf 81' lang='lat' dir='ltr'><strong>iucur-</strong></span> <span class='ocrx_word' id='word_1_362' title='bbox 718 3419 799 3469; x_wconf 87' lang='lat' dir='ltr'><strong>cuius</strong></span> <span class='ocrx_word' id='word_1_363' title='bbox 828 3419 889 3468; x_wconf 90' lang='lat' dir='ltr'><strong>ioco</strong></span> <span class='ocrx_word' id='word_1_364' title='bbox 920 3417 945 3467; x_wconf 89' lang='lat' dir='ltr'><strong>si</strong></span> <span class='ocrx_word' id='word_1_365' title='bbox 976 3417 1077 3469; x_wconf 80' lang='lat' dir='ltr'><strong>multia</strong></span> <span class='ocrx_word' id='word_1_366' title='bbox 1105 3423 1244 3488; x_wconf 80' lang='lat' dir='ltr'><strong>posueris,</strong></span> 
     </span>
     <span class='ocr_line' id='line_1_40' title="bbox 148 3484 1243 3557; baseline 0.002 -19"><span class='ocrx_word' id='word_1_367' title='bbox 148 3485 239 3542; x_wconf 64' lang='lat' dir='ltr'><strong>amoto</strong></span> <span class='ocrx_word' id='word_1_368' title='bbox 249 3489 355 3540; x_wconf 85' lang='lat' dir='ltr'><strong>timore</strong></span> <span class='ocrx_word' id='word_1_369' title='bbox 368 3489 488 3550; x_wconf 69' lang='lat' dir='ltr'><strong>oubmto,</strong></span> <span class='ocrx_word' id='word_1_370' title='bbox 503 3494 530 3535; x_wconf 89' lang='lat' dir='ltr'><strong>et</strong></span> <span class='ocrx_word' id='word_1_371' title='bbox 542 3488 676 3539; x_wconf 85' lang='lat' dir='ltr'><strong>commate</strong></span> <span class='ocrx_word' id='word_1_372' title='bbox 719 3488 788 3554; x_wconf 80' lang='lat' dir='ltr'><strong>quic</strong></span> <span class='ocrx_word' id='word_1_373' title='bbox 819 3484 896 3550; x_wconf 83' lang='lat' dir='ltr'><strong>sequi</strong></span> <span class='ocrx_word' id='word_1_374' title='bbox 925 3499 981 3538; x_wconf 90' lang='lat' dir='ltr'><strong>non</strong></span> <span class='ocrx_word' id='word_1_375' title='bbox 1014 3488 1102 3550; x_wconf 68' lang='lat' dir='ltr'><strong>napis</strong></span> <span class='ocrx_word' id='word_1_376' title='bbox 1131 3492 1243 3557; x_wconf 86' lang='lat' dir='ltr'><strong>poterit,</strong></span> 
     </span>
     <span class='ocr_line' id='line_1_41' title="bbox 150 3555 1245 3621; baseline 0.004 -12"><span class='ocrx_word' id='word_1_377' title='bbox 150 3561 186 3609; x_wconf 88' lang='lat' dir='ltr'><strong>ab</strong></span> <span class='ocrx_word' id='word_1_378' title='bbox 211 3557 433 3614; x_wconf 86' lang='lat' dir='ltr'><strong>antecedentibus</strong></span> <span class='ocrx_word' id='word_1_379' title='bbox 459 3555 551 3605; x_wconf 85' lang='lat' dir='ltr'><strong>verbis</strong></span> <span class='ocrx_word' id='word_1_380' title='bbox 575 3557 675 3607; x_wconf 81' lang='lat' dir='ltr'><strong>distin·</strong></span> <span class='ocrx_word' id='word_1_381' title='bbox 717 3569 797 3621; x_wconf 83' lang='lat' dir='ltr'><strong>quom</strong></span> <span class='ocrx_word' id='word_1_382' title='bbox 813 3556 839 3606; x_wconf 84' lang='lat' dir='ltr'><strong>si</strong></span> <span class='ocrx_word' id='word_1_383' title='bbox 857 3557 1072 3610; x_wconf 79' lang='lat' dir='ltr'><strong>muitumubest</strong></span> <span class='ocrx_word' id='word_1_384' title='bbox 1087 3562 1245 3620; x_wconf 82' lang='lat' dir='ltr'><strong>praecedat.</strong></span> 
     </span>
     <span class='ocr_line' id='line_1_42' title="bbox 150 3625 1245 3694; baseline 0.001 -17"><span class='ocrx_word' id='word_1_385' title='bbox 150 3631 260 3694; x_wconf 68' lang='lat' dir='ltr'><strong>gneum,</strong></span> <span class='ocrx_word' id='word_1_386' title='bbox 274 3628 382 3678; x_wconf 86' lang='lat' dir='ltr'><strong>minime</strong></span> <span class='ocrx_word' id='word_1_387' title='bbox 395 3638 462 3675; x_wconf 90' lang='lat' dir='ltr'><strong>vero</strong></span> <span class='ocrx_word' id='word_1_388' title='bbox 475 3637 575 3675; x_wconf 88' lang='lat' dir='ltr'><strong>novam</strong></span> <span class='ocrx_word' id='word_1_389' title='bbox 585 3626 675 3687; x_wconf 87' lang='lat' dir='ltr'><strong>perio·</strong></span> <span class='ocrx_word' id='word_1_390' title='bbox 716 3625 842 3676; x_wconf 85' lang='lat' dir='ltr'><strong>Additum</strong></span> <span class='ocrx_word' id='word_1_391' title='bbox 859 3627 957 3679; x_wconf 85' lang='lat' dir='ltr'><strong>cuncti</strong></span> <span class='ocrx_word' id='word_1_392' title='bbox 971 3627 1086 3679; x_wconf 80' lang='lat' dir='ltr'><strong>similem</strong></span> <span class='ocrx_word' id='word_1_393' title='bbox 1102 3629 1245 3678; x_wconf 86' lang='lat' dir='ltr'><strong>abondan-</strong></span> 
     </span>
     <span class='ocr_line' id='line_1_43' title="bbox 151 3695 1243 3765; baseline 0.003 -20"><span class='ocrx_word' id='word_1_394' title='bbox 151 3698 213 3747; x_wconf 88' lang='lat' dir='ltr'><strong>dum</strong></span> <span class='ocrx_word' id='word_1_395' title='bbox 232 3699 352 3758; x_wconf 88' lang='lat' dir='ltr'><strong>incipere</strong></span> <span class='ocrx_word' id='word_1_396' title='bbox 366 3695 487 3759; x_wconf 86' lang='lat' dir='ltr'><strong>putandi,</strong></span> <span class='ocrx_word' id='word_1_397' title='bbox 506 3709 574 3758; x_wconf 87' lang='lat' dir='ltr'><strong>quae</strong></span> <span class='ocrx_word' id='word_1_398' title='bbox 588 3697 673 3744; x_wconf 86' lang='lat' dir='ltr'><strong>inter·</strong></span> <span class='ocrx_word' id='word_1_399' title='bbox 717 3695 783 3747; x_wconf 89' lang='lat' dir='ltr'><strong>tiam</strong></span> <span class='ocrx_word' id='word_1_400' title='bbox 806 3695 888 3746; x_wconf 79' lang='lat' dir='ltr'><strong>affert</strong></span> <span class='ocrx_word' id='word_1_401' title='bbox 918 3697 1034 3748; x_wconf 87' lang='lat' dir='ltr'><strong>orationi</strong></span> <span class='ocrx_word' id='word_1_402' title='bbox 1058 3705 1140 3760; x_wconf 81' lang='lat' dir='ltr'><strong>atque</strong></span> <span class='ocrx_word' id='word_1_403' title='bbox 1162 3697 1243 3765; x_wconf 80' lang='lat' dir='ltr'><strong>iilud,</strong></span> 
     </span>
     <span class='ocr_line' id='line_1_44' title="bbox 150 3764 1244 3832; baseline 0.005 -18"><span class='ocrx_word' id='word_1_404' title='bbox 150 3766 261 3828; x_wconf 86' lang='lat' dir='ltr'><strong>punctio</strong></span> <span class='ocrx_word' id='word_1_405' title='bbox 274 3769 317 3815; x_wconf 84' lang='lat' dir='ltr'><strong>est</strong></span> <span class='ocrx_word' id='word_1_406' title='bbox 330 3767 373 3814; x_wconf 83' lang='lat' dir='ltr'><strong>ed.</strong></span> <span class='ocrx_word' id='word_1_407' title='bbox 382 3765 581 3815; x_wconf 78' lang='lat' dir='ltr'><strong>iireiionieuae.</strong></span> <span class='ocrx_word' id='word_1_408' title='bbox 599 3764 676 3813; x_wconf 85' lang='lat' dir='ltr'><strong>Ver·</strong></span> <span class='ocrx_word' id='word_1_409' title='bbox 717 3764 788 3827; x_wconf 80' lang='lat' dir='ltr'><strong>quod</strong></span> <span class='ocrx_word' id='word_1_410' title='bbox 802 3766 831 3832; x_wconf 78' lang='lat'><strong>3,</strong></span> <span class='ocrx_word' id='word_1_411' title='bbox 847 3767 882 3818; x_wconf 87' lang='lat' dir='ltr'><strong>te</strong></span> <span class='ocrx_word' id='word_1_412' title='bbox 897 3764 926 3827; x_wconf 79' lang='lat' dir='ltr'>S.</span> <span class='ocrx_word' id='word_1_413' title='bbox 940 3764 958 3816; x_wconf 81' lang='lat'><strong>4</strong></span> <span class='ocrx_word' id='word_1_414' title='bbox 972 3766 1084 3832; x_wconf 84' lang='lat' dir='ltr'><strong>iegitur,</strong></span> <span class='ocrx_word' id='word_1_415' title='bbox 1103 3767 1244 3831; x_wconf 74' lang='lat' dir='ltr'><strong>proniora</strong></span> 
     </span>
     <span class='ocr_line' id='line_1_45' title="bbox 151 3832 1243 3904; baseline 0.007 -22"><span class='ocrx_word' id='word_1_416' title='bbox 151 3836 215 3885; x_wconf 87' lang='lat' dir='ltr'><strong>bum</strong></span> <span class='ocrx_word' id='word_1_417' title='bbox 233 3836 414 3894; x_wconf 82' lang='lat' dir='ltr'><strong>desiderare,</strong></span> <span class='ocrx_word' id='word_1_418' title='bbox 435 3835 504 3894; x_wconf 89' lang='lat' dir='ltr'><strong>quod</strong></span> <span class='ocrx_word' id='word_1_419' title='bbox 524 3833 587 3884; x_wconf 84' lang='lat' dir='ltr'><strong>aliis</strong></span> <span class='ocrx_word' id='word_1_420' title='bbox 604 3832 673 3882; x_wconf 79' lang='lat' dir='ltr'><strong>loct·</strong></span> <span class='ocrx_word' id='word_1_421' title='bbox 716 3836 816 3898; x_wconf 85' lang='lat' dir='ltr'><strong>nocte,</strong></span> <span class='ocrx_word' id='word_1_422' title='bbox 848 3837 876 3887; x_wconf 90' lang='lat' dir='ltr'><strong>in</strong></span> <span class='ocrx_word' id='word_1_423' title='bbox 903 3837 996 3888; x_wconf 82' lang='lat' dir='ltr'><strong>verbis</strong></span> <span class='ocrx_word' id='word_1_424' title='bbox 1020 3849 1112 3902; x_wconf 80' lang='lat' dir='ltr'><strong>ceptro</strong></span> <span class='ocrx_word' id='word_1_425' title='bbox 1128 3839 1243 3904; x_wconf 75' lang='lat' dir='ltr'><strong>loupiac</strong></span> 
     </span>
     <span class='ocr_line' id='line_1_46' title="bbox 150 3900 1244 3973; baseline 0.005 -18"><span class='ocrx_word' id='word_1_426' title='bbox 150 3904 194 3970; x_wconf 78' lang='lat'><strong>(⁵,</strong></span> <span class='ocrx_word' id='word_1_427' title='bbox 211 3908 246 3956; x_wconf 78' lang='lat'><strong>23</strong></span> <span class='ocrx_word' id='word_1_428' title='bbox 262 3904 290 3964; x_wconf 71' lang='lat' dir='ltr'>s.</span> <span class='ocrx_word' id='word_1_429' title='bbox 309 3909 334 3953; x_wconf 80' lang='lat'>3.</span> <span class='ocrx_word' id='word_1_430' title='bbox 355 3904 384 3973; x_wconf 87' lang='lat'><strong>7,</strong></span> <span class='ocrx_word' id='word_1_431' title='bbox 400 3900 434 3951; x_wconf 81' lang='lat'><strong>55</strong></span> <span class='ocrx_word' id='word_1_432' title='bbox 452 3901 478 3962; x_wconf 79' lang='lat' dir='ltr'>S.</span> <span class='ocrx_word' id='word_1_433' title='bbox 493 3900 526 3964; x_wconf 78' lang='lat'><strong>4)</strong></span> <span class='ocrx_word' id='word_1_434' title='bbox 544 3904 674 3953; x_wconf 84' lang='lat' dir='ltr'><strong>derebus</strong></span> <span class='ocrx_word' id='word_1_435' title='bbox 716 3904 829 3969; x_wconf 82' lang='lat' dir='ltr'><strong>obesae,</strong></span> <span class='ocrx_word' id='word_1_436' title='bbox 851 3907 920 3971; x_wconf 82' lang='lat' dir='ltr'><strong>quiu</strong></span> <span class='ocrx_word' id='word_1_437' title='bbox 934 3906 1074 3971; x_wconf 80' lang='lat' dir='ltr'><strong>prooimu</strong></span> <span class='ocrx_word' id='word_1_438' title='bbox 1089 3910 1174 3959; x_wconf 85' lang='lat' dir='ltr'><strong>nocte</strong></span> <span class='ocrx_word' id='word_1_439' title='bbox 1186 3911 1244 3959; x_wconf 77' lang='lat' dir='ltr'><strong>Sa-</strong></span> 
     </span>
     <span class='ocr_line' id='line_1_47' title="bbox 149 3971 1243 4035; baseline 0.008 -13"><span class='ocrx_word' id='word_1_440' title='bbox 149 3974 178 4022; x_wconf 92' lang='lat' dir='ltr'><strong>et</strong></span> <span class='ocrx_word' id='word_1_441' title='bbox 194 3973 320 4035; x_wconf 86' lang='lat' dir='ltr'><strong>personis</strong></span> <span class='ocrx_word' id='word_1_442' title='bbox 337 3972 480 4021; x_wconf 85' lang='lat' dir='ltr'><strong>earundem</strong></span> <span class='ocrx_word' id='word_1_443' title='bbox 494 3971 608 4033; x_wconf 85' lang='lat' dir='ltr'><strong>partium</strong></span> <span class='ocrx_word' id='word_1_444' title='bbox 621 3973 675 4023; x_wconf 93' lang='lat' dir='ltr'><strong>dici</strong></span> <span class='ocrx_word' id='word_1_445' title='bbox 716 3974 799 4024; x_wconf 68' lang='lat' dir='ltr'><strong>Mnus</strong></span> <span class='ocrx_word' id='word_1_446' title='bbox 815 3977 890 4028; x_wconf 84' lang='lat' dir='ltr'><strong>cium</strong></span> <span class='ocrx_word' id='word_1_447' title='bbox 903 3990 942 4029; x_wconf 80' lang='lat' dir='ltr'><strong>em</strong></span> <span class='ocrx_word' id='word_1_448' title='bbox 955 3978 1064 4028; x_wconf 76' lang='lat' dir='ltr'><strong>caetris</strong></span> <span class='ocrx_word' id='word_1_449' title='bbox 1077 3978 1243 4031; x_wconf 77' lang='lat' dir='ltr'><strong>euertitum</strong></span> 
     </span>
     <span class='ocr_line' id='line_1_48' title="bbox 148 4040 832 4109; baseline -0.003 -16"><span class='ocrx_word' id='word_1_450' title='bbox 148 4040 240 4109; x_wconf 77' lang='lat' dir='ltr'><strong>sciet,</strong></span> <span class='ocrx_word' id='word_1_451' title='bbox 262 4050 293 4093; x_wconf 86' lang='lat' dir='ltr'><strong>ut</strong></span> <span class='ocrx_word' id='word_1_452' title='bbox 309 4049 430 4091; x_wconf 88' lang='lat' dir='ltr'><strong>nostrum</strong></span> <span class='ocrx_word' id='word_1_453' title='bbox 447 4041 590 4108; x_wconf 72' lang='lat' dir='ltr'><strong>uumiistu,</strong></span> <span class='ocrx_word' id='word_1_454' title='bbox 614 4044 638 4092; x_wconf 92' lang='lat' dir='ltr'><strong>b.</strong></span> <span class='ocrx_word' id='word_1_455' title='bbox 656 4044 676 4092; x_wconf 95' lang='lat' dir='ltr'>l.</span> <span class='ocrx_word' id='word_1_456' title='bbox 718 4045 832 4096; x_wconf 81' lang='lat' dir='ltr'><strong>educat.</strong></span> 
     </span>
     <span class='ocr_line' id='line_1_49' title="bbox 149 4111 1243 4184; baseline 0.005 -22"><span class='ocrx_word' id='word_1_457' title='bbox 149 4114 186 4162; x_wconf 85' lang='lat' dir='ltr'><strong>ad</strong></span> <span class='ocrx_word' id='word_1_458' title='bbox 203 4117 295 4166; x_wconf 79' lang='lat' dir='ltr'><strong>bootes</strong></span> <span class='ocrx_word' id='word_1_459' title='bbox 310 4111 474 4163; x_wconf 86' lang='lat' dir='ltr'><strong>translatum</strong></span> <span class='ocrx_word' id='word_1_460' title='bbox 491 4119 545 4175; x_wconf 76' lang='lat' dir='ltr'><strong>est,</strong></span> <span class='ocrx_word' id='word_1_461' title='bbox 563 4111 609 4173; x_wconf 80' lang='lat' dir='ltr'><strong>qni</strong></span> <span class='ocrx_word' id='word_1_462' title='bbox 626 4123 677 4162; x_wconf 84' lang='lat' dir='ltr'><strong>ca-</strong></span> <span class='ocrx_word' id='word_1_463' title='bbox 768 4113 960 4181; x_wconf 82' lang='lat' dir='ltr'><strong>multitudinis]</strong></span> <span class='ocrx_word' id='word_1_464' title='bbox 992 4115 1035 4166; x_wconf 84' lang='lat' dir='ltr'><strong>ci.</strong></span> <span class='ocrx_word' id='word_1_465' title='bbox 1067 4117 1129 4169; x_wconf 88' lang='lat' dir='ltr'><strong>adn.</strong></span> <span class='ocrx_word' id='word_1_466' title='bbox 1155 4118 1192 4168; x_wconf 87' lang='lat' dir='ltr'><strong>ad</strong></span> <span class='ocrx_word' id='word_1_467' title='bbox 1215 4121 1243 4184; x_wconf 85' lang='grc'><strong>6,</strong></span> 
     </span>
     <span class='ocr_line' id='line_1_50' title="bbox 148 4178 844 4246; baseline 0.003 -14"><span class='ocrx_word' id='word_1_468' title='bbox 148 4191 196 4244; x_wconf 91' lang='lat' dir='ltr'><strong>pto</strong></span> <span class='ocrx_word' id='word_1_469' title='bbox 228 4196 321 4237; x_wconf 87' lang='lat' dir='ltr'><strong>eorum</strong></span> <span class='ocrx_word' id='word_1_470' title='bbox 353 4179 449 4246; x_wconf 87' lang='lat' dir='ltr'><strong>oppido</strong></span> <span class='ocrx_word' id='word_1_471' title='bbox 474 4178 527 4232; x_wconf 85' lang='lat' dir='ltr'><strong>iarn</strong></span> <span class='ocrx_word' id='word_1_472' title='bbox 555 4193 607 4231; x_wconf 90' lang='lat' dir='ltr'><strong>non</strong></span> <span class='ocrx_word' id='word_1_473' title='bbox 633 4181 677 4233; x_wconf 83' lang='lat' dir='ltr'><strong>sui</strong></span> <span class='ocrx_word' id='word_1_474' title='bbox 721 4181 757 4238; x_wconf 76' lang='grc'><strong>34</strong></span> <span class='ocrx_word' id='word_1_475' title='bbox 772 4181 799 4244; x_wconf 70' lang='grc'><strong>8.</strong></span> <span class='ocrx_word' id='word_1_476' title='bbox 819 4188 844 4236; x_wconf 85' lang='lat' dir='ltr'><strong>t.</strong></span> 
     </span>
    </p>
   </div>
   <div class='ocr_carea' id='block_1_6' title="bbox 0 0 1354 4726">
    <p class='ocr_par' dir='ltr' id='par_1_13' title="bbox 0 0 1354 4726">
     <span class='ocr_line' id='line_1_51' title="bbox 0 0 1354 4726; baseline 0 0"><span class='ocrx_word' id='word_1_477' title='bbox 0 0 1354 4726; x_wconf 95' lang='lat' dir='ltr'><strong> </strong></span> 
     </span>
    </p>
   </div>
  </div>
 </body>
</html>
