2700 4726
377 292 482 367 ΗΒ.
507 293 591 366 vll.
639 293 759 366 cAP.
781 299 824 364 ΙΙ
1100 293 1166 367 aie

81 501 164 549 uam
190 480 255 561 iis,
283 481 343 567 qui
370 504 435 549 nou
456 485 650 572 paruerint,
678 486 866 555 constituii.
912 481 1042 562 Pecus,
1069 482 1209 549 cuius7

31 632 38 646 ,
88 589 210 651 magna
231 575 307 634 enat
326 574 421 656 copia
452 571 493 634 ab
516 571 709 639 Mandubiis
735 574 916 661 conpulsa,
948 572 1071 638 viritim
1096 569 1168 635 dis·

88 657 228 735 tribuit3
271 656 475 723 frumentum
496 681 598 744 parce
624 669 659 726 et
686 662 848 746 paulatim
873 661 983 726 meliri
1005 657 1167 726 instituit.
1188 659 1209 722 8

89 741 220 829 Copias
243 765 377 824 omnes,
437 769 497 809 uas
525 771 587 834 pun
617 749 738 834 oppido
764 750 1006 825 collocaverat,
1039 748 1075 811 in
1106 766 1166 832 ορ·

88 829 205 916 pidum
236 834 376 917 recepit.
463 835 493 897 is
523 835 712 900 nationibus
735 837 860 902 auxilia
890 834 1023 903 Galliae
1049 829 1209 918 esopo-9

88 924 182 984 ctare
204 925 240 983 et
263 918 387 985 bellum
410 927 509 1009 porat
531 923 786 991 administrare.
840 925 896 990 72.
920 921 1053 1010 Quibus
1065 921 1168 989 robus

159 1107 187 1166 8.
203 1111 221 1158 6
238 1107 287 1168 iis]
305 1120 359 1161 om.
377 1111 444 1160 And.
464 1112 515 1161 Ox.
535 1111 615 1163 Viud.
630 1116 664 1162 A.
689 1112 744 1163 biis
762 1113 841 1164 Vral.
861 1110 912 1164 lic·
934 1110 1029 1162 liamb.
1049 1109 1093 1160 bis
1111 1109 1170 1158 Pet.

124 1176 198 1297 gott.
222 1178 304 1297 {aba
333 1180 406 1232 llav.
433 1183 464 1230 A.
491 1181 578 1232 blaeu.
611 1183 658 1232 Dr.
683 1184 713 1231 ΙΙ.
746 1184 825 1235 Goth.
851 1184 885 1231 A.
915 1182 968 1232 Gu-
994 1178 1075 1231 Viud.
1101 1177 1171 1229 cdl.

167 1260 194 1296 n.
214 1260 229 1296 c
248 1261 285 1296 e.
553 1268 558 1275 ·

160 1315 188 1375 8.
206 1316 225 1367 7
251 1318 330 1380 copia
347 1321 382 1368 sb
399 1317 554 1368 Mandubiis
571 1315 716 1384 conpulsa]
739 1318 786 1370 Sic
808 1321 878 1370 baec
902 1316 1034 1380 disposita
1057 1313 1171 1365 suntin

124 1384 186 1434 Pet.
214 1385 299 1437 Voss.
317 1392 350 1438 A.
376 1390 451 1451 ligm.
478 1386 551 1438 Golt-
578 1386 660 1438 Fabr.
684 1390 766 1451 Bong.
786 1390 819 1438 Α.
845 1389 884 1438 ΡΙ.
908 1388 971 1438 Pac.
990 1388 1023 1435 A.
1050 1386 1095 1434 Dr.
1113 1383 1169 1433 AB.

126 1453 206 1503 Vrsa
232 1455 310 1505 ABG.
335 1458 414 1508 Golb.
437 1457 492 1509 AB.
510 1457 561 1506 Gn.
589 1457 683 1506 uamb.
709 1457 791 1510 vind.
812 1458 842 1508 Ρ.
866 1457 927 1507 edd.
952 1464 1016 1505 anae
1043 1455 1105 1503 Ald.
1130 1454 1171 1500 st.

126 1523 174 1573 Gr.
193 1522 216 1578 b.
244 1526 327 1576 brell.
352 1522 383 1575 ln
408 1527 482 1577 Hau.
505 1524 537 1576 A.
561 1527 589 1574 et
606 1527 687 1576 vind.
709 1529 743 1577 A.
766 1529 792 1576 ei
815 1527 916 1577 ceteris
932 1526 991 1575 cdd.
1016 1522 1098 1587 copia
1117 1533 1171 1572 nou

127 1592 258 1657 orimum,
284 1596 331 1643 sed
348 1599 471 1656 quartum
490 1596 577 1645 locum
595 1600 677 1645 teneo.
711 1597 767 1646 Pro
784 1595 834 1657 ub,
858 1597 927 1658 quod
950 1594 1033 1645 Fabr-
1058 1605 1092 1641 ex
1117 1602 1171 1640 uno

126 1661 186 1710 Pet.
205 1664 304 1724 reieci,
322 1663 353 1712 in
370 1665 441 1720 Hau.
460 1664 494 1712 A.
515 1658 595 1715 Vind.
615 1663 686 1715 Alli.
705 1665 742 1712 St.
762 1664 810 1715 Gr.
829 1667 854 1719 b.
879 1664 964 1717 Frell.
978 1677 1017 1728 a,
1041 1662 1068 1727 in
1089 1663 1172 1722 Βοῦς.

126 1731 160 1779 A.
184 1729 224 1781 ΡΙ.
248 1734 442 1793 scriptumest
464 1732 511 1783 od.
546 1732 600 1782 Pro
616 1733 797 1796 Mandubiis,
821 1735 890 1796 quod
914 1738 943 1783 et
960 1730 1048 1794 ipsum
1066 1744 1100 1780 ex
1118 1741 1172 1780 nno

127 1799 187 1848 Pet.
205 1799 286 1852 afferi
304 1803 402 1865 lions,
426 1803 510 1851 Voss.
529 1804 562 1853 A.
581 1801 662 1851 bobr.
681 1802 753 1852 Goto-
770 1804 839 1855 Wb.
856 1801 940 1852 Gonu.
959 1805 1033 1866 tres,
1056 1800 1118 1851 Par.
1138 1797 1174 1846 A.

127 1867 177 1916 Dr.
196 1869 252 1918 sb.
277 1870 354 1920 Goth.
373 1872 403 1921 ΙΙ.
421 1870 472 1920 Gn.
499 1882 559 1919 cum
577 1870 637 1918 cdd.
653 1876 716 1920 aule
734 1871 780 1920 Gr.
800 1881 827 1920 a.
849 1871 1018 1922 Mandubiis
1041 1868 1128 1929 (Med.
1147 1877 1175 1917 a.

127 1937 304 2003 muduniic),
325 1942 406 2002 dong.
416 1942 450 1988 A.
470 1939 512 1988 ΡΙ.
529 1939 691 1990 monaculis
709 1953 770 1991 cum
786 1939 896 2001 bsuocr
909 1943 997 1990 altero
1010 1955 1041 2003 u,
1058 1937 1139 1988 Viud.
1153 1933 1176 1984 1.

129 2023 308 2083 moaduniie,
333 2025 413 2074 Vral.
434 2021 465 2074 C.
490 2023 574 2075 Vind.
592 2005 826 2088 G.'Mubduinis,
852 2025 926 2080 (ioli.
951 2025 1032 2076 Fabr-
1056 2021 1177 2075 Mundi-

132 2090 217 2154 nub,
235 2093 318 2141 Viud.
336 2094 367 2142 Ρ.
394 2090 564 2157 mondino,
590 2095 668 2156 Egm.
687 2094 769 2144 Fabr.
786 2094 866 2142 Vrar.
882 2098 914 2143 A.
934 2093 1086 2147 Mondaia.
1104 2093 1175 2143 [mv.

131 2160 227 2210 Heius.
252 2162 332 2213 Febr.
356 2160 557 2227 Mandubriis,
588 2162 702 2223 denique
726 2163 864 2226 conpulsa
887 2173 935 2224 oro
962 2175 1051 2225 comm
1075 2161 1176 2211 babent

130 2224 215 2292 Bong.
238 2232 272 2279 A.
297 2229 338 2280 ΡΙ.
363 2235 391 2281 et
415 2232 485 2281 flav.
506 2234 541 2280 A.
567 2231 635 2282 dud.
663 2242 729 2281 suae
759 2232 899 2295 eidemque
921 2230 1036 2282 Aldinae
1063 2227 1176 2280 lectioni

131 2297 199 2346 nibil
217 2299 270 2348 nisi
296 2300 699 2364 „Manduoiisblls.m11lll,
723 2298 751 2348 in
772 2300 868 2362 quibos
887 2298 968 2349 etiam
992 2313 1053 2363 cop·
1078 2300 1113 2349 ab
1131 2296 1175 2349 M.

131 2365 252 2429 comp.“
279 2370 439 2434 adscripsit,
462 2380 571 2434 parum,
595 2376 626 2418 no
644 2368 738 2418 videre
754 2370 837 2433 licea,
856 2379 993 2420 accurate.
1029 2370 1088 2419 Nec
1105 2367 1176 2417 salis

131 2447 233 2488 causae
251 2441 328 2506 erat,
346 2452 396 2488 cun
412 2439 532 2488 ordinem
548 2439 695 2489 verborum
711 2439 748 2486 ab
763 2433 833 2488 Aldo
850 2436 996 2489 exhibitum
1012 2437 1177 2500 praeferres.

165 2521 227 2581 88
246 2523 364 2587 recepit]
395 2525 498 2586 „MSS.
519 2523 562 2573 xl
580 2537 640 2574 cum
658 2524 727 2581 Edd.
748 2520 823 2586 pp.“
848 2521 933 2575 Voss.
950 2524 983 2574 A.
999 2523 1085 2585 digm.
1103 2518 1178 2574 uota

131 2591 201 2641 Lov.
221 2592 304 2654 Bong.
322 2591 355 2640 A.
373 2586 489 2646 Par.'A.
509 2594 596 2642 Haeo.
614 2594 671 2645 Pal.
689 2594 736 2643 Dr.
754 2592 785 2642 b.
803 2593 883 2647 Vral.
902 2591 981 2644 Aac.
997 2593 1057 2650 (blc
1074 2601 1177 2641 recoc-

131 2660 190 2723 pil)
214 2661 294 2711 Goth.
308 2661 363 2709 AB.
388 2662 442 2717 Gn.
461 2662 556 2711 llamb.
584 2661 644 2720 (blo
661 2661 804 2724 reccepit)
821 2661 904 2712 vind.
923 2663 956 2714 D.
974 2662 1050 2711 Rom.
1070 2673 1095 2712 a.
1114 2659 1179 2710 Ber.

132 2730 202 2779 ven.
219 2729 239 2777 i.
264 2728 372 2792 recipit
388 2731 460 2779 nav.
474 2734 507 2779 A.
525 2731 574 2780 Dr.
589 2735 622 2781 A.
638 2732 719 2781 vind.
733 2733 766 2780 A.
785 2738 813 2780 eo
830 2743 890 2781 cum
910 2730 1011 2781 ceteris
1028 2731 1088 2780 edd.
1108 2728 1177 2779 oud.

133 2795 177 2850 ci.
203 2799 263 2848 adn.
288 2798 323 2848 ad
345 2799 414 2863 6,s
439 2797 466 2857 8.
484 2797 518 2861 8;
541 2810 593 2861 quo
617 2800 678 2850 loco
697 2800 764 2850 0ud.
784 2797 899 2851 similem
914 2802 1064 2860 temporum
1082 2797 1194 2849 vecie-t

133 2868 218 2918 talem
236 2867 295 2916 sine
313 2866 461 2917 offensione
479 2866 541 2917 tulit
556 2877 584 2919 eo
601 2867 716 2919 Caesari
730 2868 812 2918 etiam
823 2867 982 2919 usitatatam
996 2868 1060 2918 ess'e
1074 2865 1175 2931 docuit,

134 2948 168 2986 ex
187 2938 237 2985 boc
254 2946 321 2986 vero
338 2942 486 2998 praesens,
512 2936 584 2998 quod
604 2937 697 2998 utique
715 2945 742 2984 eo
766 2948 817 2997 per
833 2950 864 2987 se
880 2937 990 3000 probari
1008 2938 1096 2999 potest
1113 2944 1177 2986 eea

134 3003 273 3056 codicibus
289 3004 378 3068 magis
394 3007 613 3072 commendatur,
630 3007 731 3055 elicere
749 3004 843 3056 noluli.
877 3007 978 3056 Tamen
999 3005 1105 3056 caesar
1122 3015 1176 3054 non

89 3101 92 3109 ·
135 3074 197 3123 sine
214 3072 322 3124 ratione
337 3074 373 3124 ad
391 3075 461 3124 banc
480 3082 625 3124 extremam
644 3072 877 3139 Vercingetorigis
893 3075 1044 3138 actionem,
1071 3073 1178 3137 simpli·

135 3154 195 3192 cem
214 3142 290 3193 illam
306 3146 390 3206 atque
404 3144 556 3195 absolutam
570 3144 601 3209 et
618 3145 654 3194 ad
668 3143 766 3193 bellum
784 3142 874 3206 insum
891 3143 1087 3208 pertinentem,
1104 3141 1179 3192 allud

135 3220 240 3271 tempus
259 3211 414 3263 adhibuisse
427 3211 536 3262 videaur
555 3212 636 3276 atque
648 3213 683 3264 ad
695 3212 820 3277 priores,
835 3223 905 3276 qnae
917 3225 1011 3262 omnes
1028 3213 1062 3262 ad
1076 3212 1177 3261 famem

122 3282 302 3340 ,tolerandam
328 3285 472 3347 spectant,
500 3281 621 3333 ceoerum
648 3280 736 3344 prima
760 3294 823 3333 cum
844 3281 981 3346 secunda,
1011 3280 1095 3333 tercia
1116 3291 1177 3331 oum

134 3360 232 3413 quarta
247 3349 335 3415 magis
354 3352 514 3401 coniunctae
533 3352 607 3400 suut.
773 3386 777 3393 ,
856 3378 858 3384 ·
1088 3380 1091 3385 ·

169 3416 196 3478 8.
215 3419 233 3466 9
255 3426 336 3482 paral
353 3419 556 3488 administrare]
582 3422 666 3474 Voss.
684 3415 717 3471 A.
742 3419 818 3484 Egm.
844 3419 918 3474 Goti.
943 3418 1027 3470 Fabr.
1044 3416 1128 3480 Bobg.
1144 3415 1178 3464 A.

134 3541 177 3590 ΡΙ.
202 3540 266 3590 Par.
284 3542 318 3595 A.
337 3541 423 3591 naen.
446 3543 493 3593 Dr.
512 3539 567 3605 AB.
593 3544 672 3596 Vrat.
690 3539 769 3592 Aac.
793 3542 871 3592 Goth.
890 3542 921 3594 Β.
940 3549 967 3590 eo
984 3550 1054 3590 corr.
1074 3541 1117 3597 (o.
1135 3539 1181 3602 p.)

135 3614 170 3659 Δ.
186 3611 283 3659 Hamb.
302 3611 352 3659 Gn.
372 3612 452 3661 Viud.
469 3612 561 3662 nulli.
578 3614 637 3661 edd.
657 3618 721 3663 ante
736 3612 798 3661 Aid.
816 3612 856 3661 Sl.
874 3611 924 3661 (ir.
940 3610 966 3658 b·
984 3608 1071 3659 lirell.
1106 3608 1181 3658 Rur-

128 3691 185 3729 sus
203 3679 286 3740 igitur
297 3680 390 3729 minus
409 3687 537 3732 accurate
555 3681 612 3742 egit
628 3682 696 3732 ond.
716 3681 745 3730 in
763 3682 833 3731 var.
849 3681 928 3748 heco.
948 3679 1016 3728 banc
1035 3690 1095 3728 cum
1114 3687 1181 3737 pru-

138 3746 214 3798 xIma
238 3747 420 3812 coniungens=
450 3752 552 3816 „bissi
570 3750 614 3800 xl
637 3752 743 3812 recepit
763 3762 823 3798 cum
847 3751 914 3799 Edd.
936 3760 981 3809 pp.
1000 3747 1040 3796 uli
1064 3754 1091 3796 ea
1112 3756 1181 3808 por.

137 3813 241 3869 odnc.“
276 3813 344 3879 lpse.
357 3831 417 3868 cum
435 3820 505 3869 Aldo
521 3826 574 3868 eta.
593 3818 678 3870 edidit
692 3818 797 3870 adonin.
813 3819 919 3882 porat,
942 3818 973 3868 ni
990 3817 1088 3868 babent
1107 3816 1181 3867 lias.

138 3890 171 3936 A.
195 3893 224 3935 eo
241 3887 325 3937 Vind.
347 3889 379 3936 A.
403 3887 461 3947 (bic
485 3901 544 3937 cum
563 3882 638 3939 sib.
657 3891 725 3940 Wb.
751 3889 799 3937 Dr.
815 3887 872 3937 Aa.
892 3888 973 3936 Vrat.
991 3884 1021 3935 0.
1046 3884 1127 3936 vmd.
1148 3884 1179 3934 ΙΙ.

137 3954 270 4013 ammio.)
311 3956 401 4018 Atque
423 3957 463 4006 ila
484 3957 589 4008 caesar
613 3958 725 4020 scripsit
749 3956 810 4007 civ.
835 3958 870 4023 2,
892 3957 926 4007 ³7
960 3953 987 4016 8.
1011 3957 1054 4004 6:-
1074 3954 1180 4018 Itaque

137 4027 263 4074 connium
285 4036 570 4076 suorumconseusu
585 4026 673 4076 dario
696 4026 824 4092 reliquas
847 4025 943 4088 copiae
960 4026 1132 4088 exspectare
1149 4024 1181 4075 ct
1204 4034 1210 4043 ·
1302 4044 1305 4049 ·

138 4093 239 4144 bellum
254 4095 362 4147 ducere
378 4095 511 4156 parabol.
546 4094 676 4147 similiter
692 4101 720 4161 6,
738 4098 756 4148 7
772 4095 800 4156 8.
819 4095 834 4143 1
853 4093 962 4145 Treviri
977 4093 1127 4144 Labienum
1144 4119 1180 4131 -

134 4161 251 4215 adoriri
265 4164 417 4229 perdant.
444 4164 505 4215 civ.
523 4165 557 4229 3,
572 4163 608 4217 28
627 4164 685 4227 §.²
702 4176 792 4218 naves
808 4162 942 4217 bissibus
957 4192 994 4204 -
1010 4167 1181 4229 capannore
