2700 4726
150 310 219 382 348
406 310 478 380 DE
508 309 689 380 nulio
723 308 978 382 aALulco

108 520 130 580 3
153 501 256 569 veuit.
299 497 434 588 Quibus
455 501 630 588 oppressis
644 501 908 590 inopinantibus,
929 497 1019 586 quod
1038 495 1238 566 soGovennu

151 596 190 654 ut
213 610 307 655 muro
333 589 479 654 munitos
502 589 758 671 existimabant,
783 611 821 654 ao
846 611 886 654 nc
910 589 1075 673 singulari
1098 584 1238 673 quidam

149 699 294 764 unquam
327 677 452 742 bomini
488 698 529 743 eo
564 685 715 765 tempore
750 678 828 742 anni
867 677 1008 741 semitae
1044 681 1238 763 patuerant,

149 765 320 852 equitibus
339 766 505 853 imperat,
527 773 686 852 utquam
709 765 876 832 latissime
898 770 1049 852 possent,
1070 769 1237 846 vagantur

107 866 128 931 4
150 864 186 920 et
213 874 312 943 quam
338 855 517 918 maximum
539 854 695 920 hostibus
719 859 883 918 terrorem
906 852 1064 919 inferant.
1107 849 1238 918 Celeri-

181 1078 252 1129 Dnd.
273 1090 308 1128 ex
325 1079 395 1128 And.
416 1076 467 1128 Ox.
484 1073 534 1127 Co·
553 1077 581 1128 S.
598 1075 677 1128 Leid.
692 1072 727 1127 A.
753 1078 857 1144 attulit.
893 1072 968 1127 Idem
988 1075 1057 1129 oud.
1074 1077 1173 1125 teneus
1190 1071 1237 1125 la·

180 1147 266 1213 bore,
298 1149 347 1197 sed
372 1141 513 1209 utrumque
532 1158 550 1197 a
568 1146 688 1198 caesare
705 1147 838 1211 scriptum
855 1160 919 1197 esse
936 1147 1102 1210 coniiciens,
1128 1144 1237 1195 sudore

180 1226 216 1269 oc
232 1215 341 1282 labore,
360 1215 461 1266 velleii
479 1217 570 1267 locum
586 1217 694 1266 contest
713 1220 740 1283 2,
761 1217 811 1268 128
827 1217 854 1278 S.
874 1223 907 1268 3:
925 1215 1030 1281 quique
1047 1213 1120 1265 nibil
1136 1212 1237 1264 Asinio

179 1285 307 1340 Pollioni
324 1286 517 1350 negauerunt,
538 1286 615 1349 quod
633 1284 813 1338 nobilissimis
830 1300 939 1338 samono
957 1298 1022 1337 oum
1040 1285 1149 1336 sudore
1166 1295 1238 1333 con-

179 1356 356 1422 sequendum
373 1357 463 1420 foret.
499 1353 666 1418 Herzogius,
690 1354 782 1418 quiet
804 1357 863 1417 ipsc
882 1360 1025 1419 utrumque
1044 1355 1165 1419 mavult,
1186 1354 1238 1403 sed

178 1425 275 1478 ordine
285 1424 407 1491 inverso,
421 1422 520 1474 labore
532 1436 567 1475 oc
580 1424 698 1487 sudore,
712 1426 838 1481 sudorem
851 1427 886 1477 ad
900 1424 1003 1476 biberui
1015 1421 1116 1475 laboris
1128 1422 1237 1486 magui-

178 1496 300 1547 tudinem
322 1492 517 1546 declarandam
540 1507 596 1545 uon
623 1493 742 1555 ineptum
766 1495 856 1545 videri
875 1494 1010 1560 ostendit,
1034 1494 1186 1556 eademque
1201 1492 1236 1542 de

178 1577 266 1617 causa
279 1564 406 1617 Diibnero
424 1562 526 1623 placuit
544 1564 661 1614 sudore.
699 1563 775 1614 idem
792 1564 897 1625 recepit
907 1563 1104 1625 Nipperdeius,
1126 1561 1236 1613 adscri-

178 1636 235 1699 ptis
257 1635 363 1684 duobus
388 1632 459 1681 locis
476 1631 637 1693 Ciceronis,
663 1631 756 1695 Diviu.
776 1627 906 1687 iuCaec.
926 1646 951 1682 c.
972 1635 1007 1681 22
1024 1632 1065 1697 (§·
1082 1628 1134 1696 72)
1151 1634 1178 1680 et
1194 1631 1236 1680 De

104 1714 110 1718 ·
179 1707 236 1768 leg.
254 1714 314 1787 agr.
334 1707 363 1768 2,
382 1703 417 1750 26
430 1698 473 1765 (s.
493 1697 544 1764 69)
560 1712 671 1766 quorum
689 1704 775 1754 altero
789 1715 868 1754 suam
882 1701 1127 1754 existimationem
1142 1701 1236 1750 molto

143 1791 150 1803 ·
177 1774 306 1840 sudore,
334 1771 434 1824 labore
456 1770 618 1835 vigiliisque
640 1772 808 1836 collectam,
836 1775 921 1823 altero
939 1771 1096 1837 uectigalia
1111 1773 1237 1821 vestro-

176 1844 305 1909 plarimo
324 1842 469 1894 maiorum
486 1842 656 1891 uestrorum
673 1841 814 1907 sanquine
832 1844 862 1892 et
880 1842 989 1892 sudore
1006 1839 1139 1904 quaesita
1158 1838 1234 1889 dicit.

176 1913 230 1966 liis
243 1911 357 1963 similem
375 1914 446 1962 hunc
464 1910 585 1974 babebis,
606 1909 632 1959 si
647 1923 757 1960 summ
771 1910 894 1961 rnilitum
913 1911 1021 1960 sudore
1032 1910 1067 1978 ab
1080 1909 1135 1960 uiis
1147 1911 1235 1972 nate-

111 1984 114 1990 '
156 1981 281 2050 'factis
295 1980 450 2047 rettuleris,
479 1980 549 2042 quod
568 1992 629 2030 cum
647 1993 696 2040 per
716 1981 861 2031 verborum
878 1979 1085 2033 collocationem
1103 1979 1162 2028 beri
1179 1989 1235 2029 non

176 2051 276 2116 possit,
294 2062 365 2114 qnae
381 2050 432 2102 iila
449 2049 659 2112 compescenti
675 2049 750 2113 iungi
766 2050 840 2100 iubet
856 2049 907 2116 ita,
924 2051 955 2098 ut
967 2061 991 2099 c.
1005 2045 1039 2098 41
1054 2049 1123 2098 extr.
1161 2045 1234 2098 Coe-

176 2133 231 2174 scr
246 2133 356 2172 sommo
373 2119 471 2238 stiffi
487 2118 614 2169 militam
630 2122 699 2171 unte
718 2121 818 2170 ortem
835 2119 905 2170 solis
920 2120 953 2169 to
970 2119 1073 2169 casira
1085 2116 1245 2184 peruenit,-

176 2204 294 2243 necesse
319 2192 363 2240 est
388 2205 419 2239 su
474 2202 519 2238 um
543 2188 658 2238 militum
684 2189 810 2238 sudorem
838 2192 886 2238 aut
906 2187 1028 2257 comitem
1047 2187 1235 2246 pervenientis

177 2260 309 2312 caesaris
332 2265 380 2310 aut
402 2269 515 2307 causam
537 2255 598 2306 eius
614 2257 751 2308 adventur
767 2255 827 2329 *dici
846 2259 969 2308 statuas:
1001 2269 1025 2310 et
1042 2256 1139 2329 tumuit
1159 2259 1236 2311 uniet

176 2331 233 2384 bem
251 2325 378 2399 beitiqiten
397 2325 523 2391 &bobia
540 2327 583 2381 bec
599 2327 727 2381 &otiatus
745 2326 860 2396 tantuin,
877 2334 925 2376 aut
943 2325 970 2380 in
988 2325 1071 2393 iotae,
1088 2323 1235 2392 necmittctit

176 2398 243 2466 ittet
262 2398 369 2467 bottiger
389 2394 539 2460 &dimetiri
573 2396 674 2446 Horum
697 2407 764 2446 vero
786 2394 923 2464 posterius
939 2395 1133 2457 metonymiam
1147 2392 1236 2471 Aa&

176 2467 286 2518 minime
312 2466 485 2527 probabilem.
527 2464 604 2515 Vere
628 2465 699 2514 euim
718 2463 888 2515 sudaverant
905 2464 1008 2514 milites
1024 2472 1052 2512 ct
1072 2471 1163 2514 tumen
1179 2469 1235 2516 nori

95 2597 97 2605 .
174 2536 228 2587 hoc
248 2534 356 2600 sudore,
374 2534 420 2598 qui
437 2535 534 2584 labore
547 2534 662 2585 effectus
680 2536 819 2600 erat,*sed
836 2534 896 2596 ipso
909 2526 1004 2584 labrire
1018 2532 1068 2583 illo
1081 2534 1235 2584 effecerant

175 2607 208 2655 ut
228 2600 334 2656 Caesar
351 2605 417 2655 iiiuc
435 2603 599 2667 perveniret.
632 2603 714 2655 Prius
732 2607 834 2672 autem,
852 2604 922 2666 quod
939 2603 1046 2665 proprie
1066 2603 1169 2654 dictum
1185 2605 1232 2653 vi-

98 2736 103 2746 ·
176 2675 236 2730 deri
256 2676 350 2737 debet,
372 2687 430 2725 rem
446 2676 567 2726 fortusse
584 2670 681 2729 miram
698 2687 786 2737 neque
805 2673 978 2731 iniucundum
998 2674 1095 2738 babel,
1113 2673 1138 2722 si
1157 2673 1232 2724 ruili-

175 2745 248 2795 tibus
266 2757 320 2795 uon
337 2745 439 2807 frigore
459 2744 643 2807 torpentibus,
669 2746 717 2793 sed
737 2745 837 2794 sudore
853 2741 1090 2795 madentibus'illo
1109 2745 1232 2804 tempore

174 2813 283 2865 caesar
301 2815 335 2865 ad
360 2814 429 2864 fines
449 2817 636 2864 Arvernorum
654 2815 794 2878 pervenit,
825 2820 852 2862 et
870 2813 904 2861 ob
924 2820 1066 2874 utrumque
1083 2813 1233 2863 memorari

173 2886 204 2934 in
220 2884 451 2951 {ephemeridibus
461 2885 584 2949 poterat,
616 2884 665 2933 sed
688 2883 717 2934 in
735 2879 962 2934 commentarium
982 2883 1052 2945 quod
1069 2885 1232 2950 referretur,

173 2953 286 3017 dignum
304 2952 392 3003 miuus
412 2955 480 3003 erat.
517 2953 613 3014 ltaque
626 2951 722 3005 labore
736 2953 953 3023 praeterendum,
971 2952 1079 3002 sudore
1092 2964 1145 3002 nou
1161 2963 1232 3004 casu

123 3045 127 3049 -
166 3026 202 3073 *et
219 3027 320 3074 temere
338 3023 451 3088 iactum,
471 3024 520 3072 sed
538 3035 571 3070 ex
585 3024 809 3083 Euhemeridibus
821 3021 934 3084 petitum
951 3021 1068 3082 videtur,
1084 3022 1182 3084 quibus
1199 3021 1231 3073 in

173 3093 217 3144 his
235 3091 388 3144 scribendis
405 3104 485 3143 usum
504 3103 568 3140 esse
588 3091 736 3143 Caesarem
753 3100 814 3144 cnm
833 3091 896 3141 aliis
913 3091 1008 3155 rebus,
1024 3097 1080 3139 tum
1097 3102 1131 3143 eo
1148 3091 1230 3143 veri-

174 3162 321 3228 similetis,
339 3163 409 3225 quod
426 3161 531 3224 pedum
552 3160 597 3211 VI.
615 3163 777 3214 mentionem
793 3160 870 3210 iacit.

208 3232 236 3293 S.
253 3234 271 3281 li
289 3227 478 3296 quidem]om.·
492 3233 520 3281 s.
537 3232 614 3283 Leid.
630 3234 665 3282 A.
683 3233 745 3284 Par.
763 3233 792 3280 B.
805 3230 880 3280 flav.
896 3223 931 3279 A.
944 3225 1028 3277 Vind.
1046 3220 1080 3275 A.
1116 3227 1148 3278 Id
1162 3227 1231 3280 Rei·
1253 3266 1257 3271 -

173 3300 262 3364 eigins
279 3300 308 3351 in
325 3298 429 3350 scholis
448 3311 560 3364 gramm.
577 3316 604 3363 p.
619 3299 673 3354 587
689 3302 778 3353 minus
794 3305 967 3360 perspectam
984 3296 1088 3346 babens
1105 3297 1231 3351 codicum

171 3371 289 3425 indolem
306 3370 450 3434 probabat,
471 3371 592 3420 nannius
609 3373 683 3420 recte
700 3370 833 3433 improbat
849 3369 929 3417 Ture.
946 3365 974 3430 4,
990 3367 1035 3418 70.

206 3441 333 3503 possent]
357 3442 479 3500 pessunt
498 3441 585 3490 Dorv.
601 3441 649 3490 Dr.
667 3442 698 3488 B.
715 3442 794 3489 vrat.
813 3437 844 3488 c.
861 3434 991 3488 Gotbill.
1014 3437 1096 3487 vind.
1115 3437 1147 3487 ll.
1166 3439 1228 3489 edd.

172 3520 238 3561 ante
263 3509 334 3562 Ven.
360 3508 381 3558 i.
402 3509 515 3574 possint
539 3509 616 3561 Laid.
643 3507 699 3565 AB.
721 3508 806 3558 Voss.
831 3507 887 3557 Au.
913 3507 989 3566 urm,
1014 3509 1041 3558 S.
1067 3507 1138 3556 Dok.
1162 3508 1228 3572 „al-

173 3573 282 3628 Varc.“
299 3579 378 3641 (Par.
397 3577 448 3643 A.)
465 3581 551 3630 Voss.
570 3579 613 3629 01.
632 3579 850 3629 Vrat.A·}1av.
871 3579 904 3627 A.
923 3574 1007 3627 vind.
1027 3579 1060 3626 A.
1080 3576 1119 3625 st.
1134 3575 1184 3627 Gr.
1202 3577 1230 3633 b.

173 3648 260 3699 Frell.
285 3646 356 3697 oud.
397 3649 429 3697 in
453 3659 484 3698 re
503 3649 587 3701 dubis
602 3648 677 3698 tenui
695 3648 764 3711 quod
781 3650 864 3709 Bong.
887 3646 921 3696 A.
940 3646 981 3697 Pl.
998 3647 1073 3696 Gott.
1091 3647 1160 3698 Wb.
1178 3647 1229 3697 Dr.

172 3715 209 3766 A.
226 3717 308 3767 Vrat.
326 3716 356 3766 B.
373 3717 470 3769 liano.
489 3720 556 3778 (Gn.
575 3719 642 3770 Iov.
661 3719 720 3768 Pet.
737 3717 819 3769 Febr.
835 3711 936 3780 conti.)
954 3715 1007 3765 inc.
1032 3716 1094 3765 llio.
1115 3717 1186 3767 ch.
1205 3717 1227 3767 i.

174 3786 238 3836 Alb.
262 3786 306 3834 ab.
331 3786 380 3838 Gr.
403 3800 430 3838 a.
454 3788 485 3839 Ρ,
511 3791 585 3838 Man.
610 3789 690 3839 Turr.
715 3787 790 3850 Dios.
814 3784 1227 3839 inconsuetudinem.

174 3853 217 3905 Gi.
236 3855 298 3907 adu.
315 3867 354 3906 cr.
372 3857 407 3908 ad
425 3860 451 3925 6,
469 3861 504 3908 29
522 3857 549 3918 s.
566 3853 586 3906 4
602 3860 630 3908 et
644 3860 679 3910 ad
696 3857 774 3908 liuius
792 3856 856 3908 libri
874 3859 900 3923 1,
918 3856 945 3908 7.

192 4071 219 4134 S.
238 4076 263 4122 3.
288 4073 438 4141 singulari]
468 4073 510 4126 (tf.
530 4072 562 4139 4,
583 4076 617 4123 26
635 4074 661 4136 s.
705 4077 875 4137 coemerent.
901 4073 979 4124 cuim
1002 4073 1058 4124 loci
1085 4071 1230 4126 immemor

138 4146 170 4194 2:
197 4141 245 4196 ubi
270 4156 308 4196 em
326 4142 414 4194 litore
431 4146 545 4206 aliquos
563 4147 662 4210 sirayu-
704 4146 850 4197 Dribucrus
867 4147 900 4194 dc
916 4159 970 4196 uiro
987 4144 1176 4214 singularem,
1194 4147 1230 4199 dc

137 4215 218 4266 lares
242 4225 280 4266 eo
305 4212 374 4266 uoci
393 4214 575 4278 euredientes
593 4227 662 4267 coa·
705 4217 831 4281 pluribus
847 4215 974 4283 sistantur
993 4213 1047 4265 dici
1064 4212 1154 4266 docet.
