2700 4726
167 220 270 349 ¹oar
454 276 1028 385 nntannnolunnnroo

206 454 357 575 equitum
380 476 417 537 si
437 471 634 577 nubentibus
653 471 755 551 visis,
780 491 864 576 quas
886 470 1041 557 sesequi
1062 469 1232 620 iuiaoorai¹3
1253 474 1296 534 nt

163 555 623 736 2iil⁰iiitiiiill
636 556 884 713 iiiiii?
907 558 1295 734 “uiltiiiiiiiii

274 823 382 883 hostes]
415 823 562 891 „iuriuius
587 825 647 873 volt
671 819 805 876 nostri.“
846 822 992 875 oberlinns
1016 823 1044 873 in
1067 821 1214 872 Mantinea.
1254 822 1296 871 Eo

239 893 353 953 probato
368 893 499 946 caesaris
514 897 661 946 adrentum
679 905 697 942 a
714 891 844 943 iiomonis
861 905 894 942 ex
912 895 1004 944 colore
1020 893 1136 942 vestitus
1152 888 1297 953 cognitum

239 962 397 1024 turmasque
414 974 442 1015 et
459 966 603 1027 cobortes,
621 975 736 1025 quaese
754 961 832 1026 sequi
850 962 986 1028 iusserat,
1005 963 1040 1011 ab
1056 962 1159 1011 iisdem·
1171 961 1206 1010 de
1224 959 1296 1010 loeis

197 1070 205 1093 ,
239 1031 426 1092 superioribus
450 1033 527 1084 visas
549 1032 683 1082 incitasse
706 1043 754 1081 eos
780 1033 814 1081 ad
838 1031 967 1093 proelium
992 1030 1210 1081 committendum
1234 1033 1296 1079 sta-

239 1106 317 1149 tuere
333 1103 470 1153 debemus.
505 1102 557 1154 cui
577 1108 710 1162 repugnat
728 1101 927 1164 primumquod
952 1111 1000 1162 per
1023 1100 1131 1150 uunmos
1148 1099 1241 1161 potins
1259 1099 1293 1148 de

241 1179 292 1218 suo
315 1178 343 1219 et
366 1172 506 1234 copiarum
523 1173 641 1223 adventu
661 1170 806 1221 caesarem
823 1183 887 1220 suos
906 1169 1038 1221 certiores
1055 1172 1192 1220 iacturum
1211 1176 1295 1228 atoue

239 1237 290 1289 bos
309 1241 455 1292 adrentum
472 1241 534 1293 eins
551 1243 757 1302 exspectaturos
778 1239 866 1288 fuisse
885 1245 1093 1289 consentaneum
1111 1241 1171 1300 est;
1194 1237 1295 1287 deinde

238 1308 309 1369 quod
334 1309 395 1358 locu
421 1310 563 1373 superiora
586 1322 605 1360 a
628 1309 717 1359 Gallis
742 1310 918 1374 tenebantur,
948 1317 1043 1360 contra
1066 1319 1134 1371 quos
1159 1307 1296 1369 proelium

232 1372 427 1428 ‘commissuris
444 1379 575 1430 Romanis
600 1380 742 1439 despectus
764 1377 791 1427 in
809 1379 930 1429 declivia
945 1387 974 1427 et
991 1379 1097 1427 devexa
1116 1377 1211 1427 nullus
1229 1388 1296 1426 esse

215 1446 353 1507 ,poterae
390 1449 449 1500 iiuo
468 1448 575 1499 accedit
591 1449 660 1509 qnod
677 1447 789 1513 nostri,
807 1447 832 1496 si
853 1449 877 1498 b.
895 1448 916 1498 l.
936 1447 1052 1510 legitor,
1070 1445 1096 1506 S.
1115 1450 1133 1497 3
1150 1446 1222 1495 mule
1240 1446 1296 1494 ite-

204 1522 207 1527 ’
236 1514 296 1565 ruri
316 1516 432 1568 videtur.
475 1521 576 1569 iumen
595 1516 774 1579 Nipperdelus
793 1516 888 1567 lucinii
912 1517 1096 1567 coniecturam
1118 1514 1248 1576 probavit
1266 1522 1294 1564 eu

237 1585 335 1636 nostri
353 1586 482 1652 scripsit,
500 1588 596 1637 bootes
614 1586 769 1649 damnavit,
793 1586 991 1648 primumquod
1011 1584 1170 1635 incredibile
1187 1584 1226 1634 sit
1243 1585 1294 1635 ad-

236 1655 351 1705 ventum
372 1656 502 1706 caesaris
527 1659 556 1705 et
582 1655 710 1705 cnsilium
730 1655 860 1705 Romanis
886 1656 1005 1707 additum
1032 1654 1156 1705 nostibus
1179 1665 1294 1703 oausam

237 1724 418 1775 committendi
436 1723 534 1786 proelii
549 1724 654 1787 inisse,
672 1723 786 1787 deinde,
805 1723 909 1789 inquit,
934 1726 1026 1773 nostes
1045 1734 1218 1785 nequaquam
1236 1732 1293 1772 tum

236 1792 342 1842 demum
362 1793 494 1854 proelium
514 1795 723 1858 commiserunt,
747 1795 796 1841 sed
819 1793 845 1843 id
866 1794 944 1855 longe
961 1802 1042 1844 antee
1061 1793 1204 1857 fecerent,
1231 1804 1294 1843 eunt

235 1861 398 1913 munitiones
417 1863 599 1914 Romamrnm
624 1873 782 1926 oppugnare
799 1861 986 1928 incipiebant,
1010 1874 1099 1924 neque
1114 1872 1151 1910 ex
1169 1872 1203 1912 eo
1220 1864 1292 1911 um-

235 1941 303 1991 pore
320 1930 451 1993 impetum
466 1932 639 1985 remiserunt.
674 1933 744 1993 Quid
765 1944 832 1981 vero
851 1931 939 1992 rncgis
957 1932 1089 1982 credibile
1108 1942 1173 1979 esse
1191 1932 1294 1996 potest,

233 2010 314 2061 quum
341 2000 456 2065 Gallos,
486 2000 585 2065 qulbus
611 2014 657 2051 res
683 2001 866 2066 prosperrime
889 2002 1038 2067 cessisset,
1066 2012 1126 2050 oum
1154 1999 1303 2051 Labienus·

234 2067 339 2120 omisse
357 2070 533 2124 munitionum
555 2070 715 2122 defensione
738 2073 865 2123 cobortes
888 2075 1014 2135 cogeret,
1039 2070 1146 2121 caesar
1165 2068 1239 2120 elias
1264 2072 1294 2121 et

199 2236 245 2290 tes
268 2253 288 2291 a
312 2238 422 2294 ceteris
439 2240 548 2293 ciuilem
567 2240 722 2295 uidissem:
765 2252 852 2306 vero,
876 2250 930 2302 quo
952 2241 1050 2290 ductus
1067 2238 1175 2292 caesar
1192 2240 1244 2290 boo
1261 2250 1293 2288 se

197 2317 251 2370 quo
274 2308 322 2360 iiie
341 2311 403 2365 luoo
424 2316 531 2363 vestem
553 2323 658 2376 qnoque
675 2310 723 2361 in·
764 2308 865 2374 insigni
899 2307 939 2358 nti
969 2310 1148 2359 consuevisse
1180 2320 1294 2361 monen-

196 2375 279 2443 eigtse
297 2380 411 2448 vocari,
436 2393 488 2445 quo
512 2392 562 2432 rex
586 2379 723 2431 sceleris
766 2382 827 2430 dum
856 2379 1013 2443 putaverit,
1046 2389 1125 2442 qoam
1151 2377 1223 2428 idem
1248 2378 1294 2428 vir

196 2444 305 2498 oiribus
322 2449 459 2514 differret,
484 2449 627 2499 verissime
643 2449 723 2498 dixe·
764 2450 860 2498 doctus
875 2448 902 2496 in
917 2446 1060 2498 Analectls
1078 2461 1102 2509 p.
1115 2444 1169 2499 usi
1186 2448 1294 2497 nuliam

195 2514 252 2565 ret.
294 2517 395 2577 Quodsi
421 2529 470 2580 pro
492 2517 629 2567 adiectivo
647 2516 723 2566 acci·
765 2517 824 2568 duri
836 2516 956 2577 potuisse
969 2515 1128 2566 existimans
1143 2516 1212 2567 baec
1225 2528 1293 2567 ver·
1328 2520 1331 2527 '

194 2582 260 2651 pias
280 2583 404 2651 impul,
433 2597 488 2636 non
512 2585 598 2636 solum
621 2585 720 2635 verbo·
764 2587 801 2637 ba
830 2585 890 2635 eins
914 2597 1045 2648 germane
1072 2595 1135 2635 esse
1161 2586 1291 2648 negabor,

194 2664 255 2705 rom
272 2650 494 2717 collocationem,
516 2655 550 2704 de
565 2666 619 2717 qne
638 2655 722 2704 ilrot-
764 2654 790 2705 si
808 2654 868 2716 quis
885 2667 962 2718 een,
983 2666 1063 2716 quum
1079 2656 1113 2704 ad
1131 2656 1164 2720 ²,
1179 2656 1215 2706 2⁰
1233 2653 1259 2715 S.
1274 2655 1289 2704 1

195 2722 310 2772 seberus
323 2722 443 2789 monuit,
461 2720 656 2774 adversantem
671 2725 721 2775 its·
764 2724 892 2776 euincere
906 2723 995 2774 videri
1007 2723 1185 2787 ostendimus,
1199 2725 1291 2776 minus

194 2789 278 2857 beas,
307 2793 356 2842 sed
382 2793 464 2843 etiem
488 2805 541 2857 quo
565 2804 720 2857 pronomen,
764 2794 932 2858 probandam
948 2801 1078 2858 censeat,
1097 2793 1133 2843 ab
1150 2795 1292 2859 tiernugio

195 2860 267 2922 qnod
283 2854 339 2912 iem
357 2873 410 2912 non
427 2862 569 2926 neutrius,
594 2863 642 2912 sed
659 2872 719 2912 rna·
762 2864 791 2913 in
816 2864 858 2914 ed.
883 2876 924 2924 pr.
948 2863 1113 2924 propositam
1140 2863 1291 2914 substituat

194 2928 295 2979 senlini
308 2930 419 2994 generis
437 2931 490 2997 sit,
509 2932 615 2982 dubites
627 2937 720 2982 utrum
762 2934 790 2983 et
813 2942 865 2995 quo
893 2931 995 2996 insigni
1020 2930 1070 2983 alil
1097 2931 1290 2998 imperatores,

194 2997 230 3048 ed
250 3000 370 3050 ooloretn
393 3001 526 3060 vestitus,
552 3013 587 3052 an
611 3001 646 3050 ud
667 3013 718 3050 ve·
762 3002 840 3051 velut
857 3001 949 3063 Scipio
967 3002 997 3049 it.
1016 3002 1077 3052 Air.
1097 3013 1122 3054 o.
1141 3002 1191 3067 57,
1217 3003 1291 3053 omni

193 3064 287 3119 stilum
305 3071 430 3135 referas,
453 3071 567 3137 deinde,
592 3069 617 3118 sl
642 3072 717 3126 coio-
760 3073 883 3135 tempore
906 3069 971 3120 beili
992 3078 1148 3134 uterentur,
1170 3071 1199 3122 id
1217 3069 1292 3122 cae

192 3145 250 3188 rem
266 3136 400 3202 insignem
416 3138 549 3201 appellari
565 3139 649 3204 velis,
668 3142 718 3190 boo
762 3152 852 3191 sarem
865 3139 896 3191 in
909 3140 1030 3209 proeliis
1048 3148 1160 3204 gestare
1178 3141 1290 3194 solitum

191 3202 280 3267 ipsum
304 3206 469 3259 adlectivum
493 3210 649 3275 abundare,
674 3208 719 3258 sin
761 3209 910 3274 significari
929 3212 1014 3273 potet.

192 3274 342 3339 vestitum,
377 3283 406 3325 ut
442 3277 579 3341 Berlingb.
611 3290 637 3338 p.
667 3277 717 3327 liii
812 3280 856 3339 nt]
875 3279 917 3329 Gi.
935 3280 998 3331 adn.
1016 3279 1052 3331 ed
1067 3276 1100 3343 5,
1116 3276 1152 3330 ta
1170 3276 1198 3338 S·
1215 3278 1241 3331 i.

191 3344 299 3407 (ayant
313 3342 360 3396 ete
375 3356 504 3396 reconna
520 3341 540 3396 ci
556 3347 586 3396 lo
598 3348 719 3397 emulcet·
814 3352 883 3399 litteo
903 3346 1024 3399 declivia
1046 3356 1075 3397 et
1094 3349 1212 3408 devexa]
1239 3360 1290 3412 per

193 3413 396 3478 mecolaeta,
416 3410 485 3479 qu'il
496 3414 568 3466 ituit
581 3429 617 3466 ea
629 3429 718 3482 osope
760 3427 830 3480 qnae
853 3417 930 3481 sequi
955 3429 987 3467 se
1009 3416 1103 3467 iussas
1127 3418 1291 3469 accesere

191 3482 430 3548 deputareris
454 3481 627 3552 munitique
645 3486 719 3536 dane
760 3490 864 3539 turmas
884 3494 912 3536 et
930 3489 1056 3538 cobortes
1075 3488 1154 3536 risus
1172 3500 1237 3538 esse
1253 3489 1290 3540 eb

191 3552 234 3602 les
261 3551 408 3615 boteilles)
444 3558 492 3604 unt
521 3555 639 3604 colorem
669 3564 717 3606 aut
760 3555 881 3607 bostibus
912 3559 990 3607 modo
1015 3557 1115 3606 dictum
1146 3564 1199 3608 est.
1249 3560 1290 3608 Eo

191 3628 276 3670 totum
295 3624 344 3671 boc
363 3635 418 3687 ooo
432 3623 538 3689 insigni
553 3624 584 3673 in
597 3624 717 3687 proeliis
758 3625 828 3675 enirn
848 3629 957 3689 spectet
980 3638 1136 3688 pronomen.
1173 3628 1214 3677 ile
1238 3629 1290 3680 ad·

190 3688 237 3740 eti
262 3694 418 3743 consuerat
444 3706 536 3753 parum
561 3703 623 3754 apte
640 3706 715 3744 corn·
758 3693 868 3744 iectiris
898 3708 947 3756 pro
976 3695 1158 3746 substantivis
1189 3698 1289 3758 positis

189 3759 335 3809 memorari
359 3760 473 3812 sentias.
524 3763 615 3824 ipsum
639 3766 715 3816 colo·
759 3764 795 3816 ci.
816 3762 1124 3831 adn.ed2,1iis.i.
1157 3766 1218 3826 Quo
1234 3768 1288 3817 nri·

188 3839 248 3878 rem
267 3826 421 3880 coccineum
441 3830 528 3882 luisse
545 3831 657 3893 [lipsius
675 3834 713 3882 lie
757 3846 809 3882 nus
827 3833 897 3884 euim
914 3835 979 3886 loon
995 3849 1030 3885 ex
1052 3834 1125 3885 locis
1147 3838 1289 3901 superio-

188 3895 246 3946 mil.
263 3896 340 3946 iloni.
358 3901 391 3964 2,
412 3902 446 3950 12
463 3912 498 3950 ex
510 3901 612 3964 Plinio,
630 3912 713 3964 aquo
757 3902 806 3952 diss
838 3905 1016 3968 supplendum
1045 3910 1189 3972 putemus,
1223 3918 1288 3957 cunr

185 3967 250 4016 Neo.
276 3966 339 4016 bist.
352 3971 414 4034 sti,
442 3973 459 4018 3
483 3983 599 4021 coccum
623 3971 713 4035 irnpe-
756 3972 927 4023 delitescens
944 3974 972 4023 in
989 3975 1031 4024 bis
1045 3986 1132 4037 genus
1148 3985 1286 4042 nentrum,

185 4035 314 4086 roteriis
344 4036 473 4088 amotum
501 4039 714 4103 paludamentis
757 4043 813 4092 inm
844 4045 956 4094 duorum
987 4044 1186 4096 adiectirorum
1218 4057 1286 4097 oon·

184 4105 371 4170 praedicetur,
384 4109 603 4172 multispucaiiis
616 4114 713 4162 aucto·
757 4106 860 4163 iunctio
892 4114 999 4178 obstat,
1034 4121 1062 4162 et
1087 4115 1157 4176 quod
1182 4115 1289 4167 caesar

184 4173 260 4226 ribus
276 4175 454 4238 probabiliter
466 4179 566 4234 docuit.
591 4177 713 4236 causam
758 4184 809 4236 boo
827 4182 1031 4235 substantivum
1048 4185 1228 4248 supplendum
1242 4197 1289 4239 re·
