2700 4726
153 300 249 414 691
406 305 478 374 ΒΕ
506 299 687 373 ΒΒΒΒΟ
719 300 974 376 Gannico

112 496 203 567 clio
224 494 354 561 bellum
370 490 677 562 administraretur.
728 492 855 558 Omnes
878 494 1008 560 alacres
1033 499 1070 557 et
1090 489 1234 559 fiduciae

112 584 248 671 6pleui
275 582 319 649 ad
342 581 497 648 Alesiam
529 582 807 668 proficiscuntur,
843 602 952 668 usque
981 591 1056 646 erat
1084 580 1233 645 omnium

142 671 351 760 ¹quisquam,
372 670 431 757 qui
452 676 623 755 aspertum
638 669 858 735 modotantae
878 667 1105 735 multitudiuis
1127 667 1235 735 susti·

152 760 227 825 nari
265 779 365 847 posse
402 757 641 837 arbitraretur,
674 757 875 845 praesertim
913 757 1053 844 ancipiti
1090 755 1232 843 proelio,

151 867 228 913 eum
257 868 297 912 ex
327 843 450 933 oppido
478 844 654 933 eruptione
682 851 906 933 pugnaretur,
934 844 1019 911 foris
1041 851 1157 909 tautae
1179 863 1234 909 co·

152 935 230 1024 piae
253 934 425 1019 equitatus
446 932 685 1020 peditatusque
709 939 937 999 cernerentur.

254 1025 311 1089 77.
343 1021 398 1089 At
425 1019 478 1100 hi,
508 1017 567 1106 qui
591 1019 733 1087 Alesiae
761 1017 1019 1101 obsidebantur,
1048 1017 1234 1104 praeterite

152 1106 225 1188 die,
262 1129 332 1195 qua*
363 1106 487 1173 auxilia
523 1127 658 1172 suorum
694 1128 751 1172 exs
778 1114 990 1187 ectaverant,
1032 1113 1232 1191 consumpto

151 1197 242 1263 omui
263 1197 430 1262 frumento
453 1194 572 1275 inscii,
599 1192 680 1280 quid
702 1194 735 1257 in
754 1129 912 1259 ¹ilaeduis
933 1203 1127 1280 gereretur,
1156 1214 1233 1258 con-

151 1283 231 1350 eilio
255 1291 371 1350 coacto
398 1282 437 1347 de
467 1284 559 1348 exitu
585 1301 721 1346 suarum
748 1281 959 1347 fortunarum
985 1280 1234 1349 consultabant.

109 1383 132 1445 2
153 1371 258 1462 Apud
290 1392 376 1460 quos
396 1370 499 1437 variis
523 1369 624 1435 dictis
648 1369 844 1451 sententiis,
875 1391 1016 1457 quarum
1040 1391 1120 1458 pars
1140 1367 1236 1434 dedi·

183 1561 276 1626 iubet,
296 1562 382 1624 8³,e
404 1560 688 1612 Vercasivelloununt
703 1562 802 1611 habent
820 1561 880 1610 edd.
898 1568 962 1612 ante
979 1561 1050 1612 Ver.
1069 1563 1105 1625 1.,
1127 1563 1235 1612 Verca-

183 1632 356 1684 siveltanum
374 1625 440 1685 Ven.
458 1631 497 1692 1.,
517 1629 815 1681 Vercassivellaunum
832 1631 915 1680 Voss.
933 1634 966 1681 A.
987 1632 1060 1692 Egm.
1079 1632 1148 1680 Les.
1167 1631 1234 1679 Lab.

183 1702 266 1752 Febr.
282 1701 343 1750 Pal.
359 1701 441 1760 Βοῦς.
457 1700 491 1747 A.
509 1699 549 1750 Pi.
568 1701 632 1748 Par.
650 1703 684 1748 A.
702 1701 773 1750 flav.
787 1704 821 1748 A.
840 1701 921 1751 vrat.
937 1698 992 1749 Ac.
1010 1699 1088 1748 doen.
1103 1701 1133 1747 Β.
1152 1700 1234 1749 Vind.

183 1771 238 1821 ΒΒ.
264 1770 317 1819 Gu.
334 1762 389 1827 (2)
421 1768 556 1819 Vercassi
577 1769 727 1819 alannum
750 1768 802 1816 Βῦ.
821 1761 878 1825 (i)
904 1768 984 1819 Vrec.
1005 1769 1032 1818 Β.
1058 1769 1132 1820 Gott.
1149 1768 1232 1820 Febr.

184 1837 464 1899 (Vercassiullcnum
482 1838 555 1888 Gott.
573 1838 655 1896 Wh.)
691 1837 970 1889 Vercassivellaunus
987 1837 1072 1888 licen.
1091 1838 1141 1890 Dr.
1159 1838 1190 1887 Β.
1206 1840 1234 1887 et

184 1920 255 1959 cerr.
276 1911 310 1958 A·
330 1904 411 1958 Vind.
432 1906 487 1957 ΒΒ.
519 1907 787 1958 Vercassivelonum
811 1907 891 1957 Goth.
912 1902 946 1961 A.
969 1907 1233 1959 carcassinelannrn

182 1977 281 2028 namt.
313 1976 566 2026 Vercassilaununr
591 1971 671 2026 vird.
697 1971 730 2023 Α.
757 1976 817 2025 Ροο.
845 1975 931 2025 cond.
967 1977 1233 2033 (Vertasse'launum

183 2047 241 2097 Pet.
259 2043 356 2108 Febr.)
379 2045 604 2096 vercastllanum
622 2044 705 2097 Vind.
722 2045 744 2095 1.
769 2045 994 2096 vercastllarunc
1010 2045 1091 2095 Vind.
1106 2045 1137 2095 C.
1159 2048 1232 2098 Ver-

183 2115 366 2182 pasilounum
387 2113 464 2176 hips.
497 2114 674 2165 casertanum
691 2115 773 2178 Βοῦς.
792 2114 822 2164 G.
847 2114 962 2177 itemque
978 2113 1029 2178 85,
1049 2111 1068 2163 4
1092 2117 1120 2165 et
1146 2115 1196 2180 88,
1214 2112 1232 2164 4

183 2186 316 2235 editiones
341 2185 369 2232 et
395 2185 480 2248 Bong.
500 2185 533 2232 A.
558 2186 621 2234 Par.
643 2186 677 2233 A.
702 2181 787 2235 Voss.
804 2186 837 2232 A.
865 2184 945 2235 Vtut.
964 2185 997 2232 A.
1024 2196 1084 2234 curn
1111 2181 1232 2246 pluribus

182 2254 304 2304 eiusdem
320 2253 429 2316 generis
446 2253 586 2303 codicibus
604 2253 689 2319 idern,
715 2255 784 2315 quod
805 2253 891 2316 83,6
914 2253 1042 2303 exhibent
1067 2255 1232 2320 (Verpcstll.

182 2322 292 2386 lips),
310 2322 359 2371 sed
377 2322 461 2383 priori
481 2323 540 2372 ioco
561 2323 588 2371 iu
606 2322 679 2373 liav-
698 2324 731 2372 A.
757 2321 1026 2384 Vercassiluunum,
1052 2321 1080 2371 iu
1099 2324 1181 2374 Viud.
1199 2326 1231 2377 A.

185 2391 433 2454 Vercasilaunum,
450 2391 597 2450 posteriori
619 2402 685 2442 rere
701 2390 729 2440 in
747 2392 860 2454 utroque
879 2393 906 2440 et
924 2391 952 2440 in
971 2392 1039 2442 Βον.
1059 2392 1144 2442 Febr.
1164 2392 1232 2443 Gas-

181 2461 375 2520 sivellaunus,
398 2459 800 2511 aerumnosarum
825 2458 934 2521 legitur.
971 2460 1067 2522 ltaque
1083 2462 1233 2522 probabili·

183 2533 226 2579 ter
251 2528 431 2589 Nipperdeius
454 2528 579 2578 Aldinam
605 2528 769 2590 scripturam
795 2541 856 2578 eum
879 2540 913 2578 ea
931 2530 1146 2580 commutandam
1163 2531 1232 2582 iudi·

183 2595 273 2661 cavit,
297 2606 367 2658 quae
386 2598 435 2645 nec
452 2606 549 2646 namen
567 2599 662 2647 eadem
680 2596 783 2649 ratione
806 2602 888 2660 atquc
910 2599 1134 2662 Vercingetorix
1156 2613 1232 2652 com·

181 2665 299 2729 positum
319 2664 403 2714 iaciat
420 2678 454 2712 ex
469 2665 602 2715 communi
622 2669 679 2716 Ver
703 2667 755 2720 (ct.
775 2667 836 2715 adu.
854 2669 890 2717 ad
914 2669 996 2734 1,16
1019 2667 1046 2728 S.
1064 2664 1097 2725 4)
1122 2675 1150 2718 et
1167 2682 1232 2730 prc-

180 2734 241 2797 prio
259 2733 491 2784 Cassivellaunus
508 2735 553 2784 vel
572 2735 680 2799 Casio,
699 2743 728 2784 ut
745 2735 815 2786 libro
833 2736 987 2786 5.codicum
1004 2749 1091 2787 causa
1108 2738 1233 2792 scriben-

182 2805 245 2854 dum
263 2802 323 2853 fuit.
360 2802 402 2852 ci.
421 2804 483 2854 adn.
503 2817 544 2858 cr.
562 2807 597 2854 ad
616 2804 649 2870 5,
668 2804 699 2853 11
718 2805 744 2864 S.
763 2807 788 2855 6.
824 2807 883 2856 Βοο
901 2805 984 2868 igitur
1002 2807 1103 2868 recepi.

214 2888 282 2951 cap.
300 2890 343 2941 77.
361 2891 386 2958 §.
408 2892 422 2939 1
442 2890 482 2950 hi]
505 2894 581 2952 Eam.
605 2891 677 2941 Gerl.
701 2892 769 2942 Lov.
794 2892 878 2942 Febr.
896 2893 980 2953 Βοῦς.
999 2894 1032 2942 Δ.
1050 2893 1092 2942 ΡΙ.
1117 2893 1179 2944 Par.
1198 2897 1235 2944 A·

181 2957 253 3009 Hav.
271 2960 304 3007 A.
324 2959 370 3009 Dr.
385 2960 440 3008 AB.
459 2960 511 3010 liu.
529 2961 612 3011 Vind.
630 2957 746 3011 ABCFI.
765 2961 835 3012 Van.
852 2963 921 3011 cdef.
947 2960 989 3011 lcii
1003 2963 1086 3011 Voss.
1099 2960 1132 3011 Α.
1152 2965 1234 3015 Febr.

180 3029 261 3079 Vrat.
277 3024 355 3080 ABG.
377 3029 473 3079 Heme.
498 3030 541 3079 illi
561 3030 648 3080 licen.
672 3029 692 3079 a·
711 3030 790 3080 Goth.
804 3031 834 3079 Β.
852 3032 929 3083 Rom.
945 3042 971 3082 a.
990 3032 1060 3080 Med.
1076 3042 1103 3081 a.
1120 3032 1192 3084 Ver.
1208 3035 1231 3083 b.

182 3096 244 3147 Ber.
263 3093 324 3146 nto.
344 3110 402 3161 squ.
438 3099 481 3149 (lt.
500 3101 561 3148 adn.
582 3111 621 3148 cr.
639 3101 672 3148 ad
692 3098 723 3164 5,
740 3101 758 3151 7
777 3098 804 3159 S.
822 3101 848 3148 6.

215 3165 320 3217 auxilie
338 3170 457 3230 suorum]
484 3169 587 3235 „MSS¹
605 3165 742 3230 plurimi“
765 3170 847 3218 Voss.
865 3169 898 3219 A.
917 3172 993 3234 Egm.
1014 3171 1088 3221 Gott.
1109 3174 1233 3230 (tacente

181 3235 266 3292 We.)
283 3236 367 3297 Βοῦς.
381 3239 415 3286 A.
433 3238 496 3288 Per.
511 3239 544 3286 A.
563 3238 648 3287 Hecu.
666 3238 712 3286 Dr.
726 3239 782 3287 AB.
798 3238 878 3290 Vrat.
894 3240 973 3290 Aac.
992 3242 1071 3291 Goth.
1087 3241 1116 3290 B.
1134 3241 1231 3294 flamia.

183 3304 234 3355 Βῦ.
253 3304 336 3356 Vind.
351 3306 397 3355 ul.
417 3308 475 3356 edd.
494 3311 557 3357 ante
574 3306 636 3355 Aid.
653 3319 676 3357 r.
695 3321 722 3358 a·
740 3309 827 3364 (flav.
847 3309 898 3366 A.)
915 3310 998 3360 vind.
1018 3313 1050 3359 A.
1071 3311 1133 3361 Aid.
1152 3323 1211 3373 sqq.

216 3385 326 3423 suarum
345 3374 528 3437 fortunarum]
546 3376 649 3440 „MSS
668 3374 808 3437 plurimi.“
827 3378 911 3429 voss.
924 3381 957 3427 A.
976 3381 1050 3442 Egm.
1070 3380 1143 3430 Gott.
1162 3382 1230 3431 hev.

181 3443 264 3506 [long.
281 3444 314 3493 A.
332 3441 395 3493 Par.
410 3448 443 3496 A.
461 3445 547 3495 licere
574 3445 621 3494 Dr.
640 3445 694 3493 AB.
721 3447 799 3495 Vrat.
819 3448 897 3496 Ano.
920 3449 998 3500 Goth.
1013 3450 1043 3497 Β.
1062 3450 1159 3499 [lamb.
1178 3449 1230 3499 Gu.

178 3512 260 3563 Viud.
280 3513 324 3563 ΒΙ.
343 3515 403 3563 edd.
421 3521 485 3564 ente
503 3511 564 3564 Aio.
590 3514 613 3579 f.
634 3527 657 3564 s.
675 3516 762 3573 [flav.
780 3511 829 3580 A.)
846 3517 927 3567 vind.
946 3521 980 3570 A.
1001 3520 1060 3568 Ald.
1083 3531 1142 3582 sqq.

212 3596 239 3656 S·
265 3601 282 3650 2
313 3599 394 3660 Apud
419 3599 499 3662 quos]
535 3600 606 3652 And.
631 3600 680 3652 0¹.
705 3595 755 3652 Cu·
779 3601 856 3652 heio.
883 3607 918 3654 A.
944 3605 1028 3657 Voss.
1053 3603 1084 3653 c.
1110 3605 1174 3655 Par.
1199 3605 1234 3653 Β..

178 3664 249 3717 flav.
267 3668 300 3716 A.
328 3666 410 3719 vind.
429 3670 462 3716 A.
482 3670 511 3719 et
530 3668 606 3718 Leid.
627 3669 657 3718 B.
683 3669 771 3720 licen.
794 3684 829 3722 ac
847 3672 945 3736 reliqui
965 3673 1038 3732 (Pet.
1058 3672 1131 3722 Gort.
1151 3676 1227 3737 ltgm.

176 3733 276 3794 Febr.)
301 3748 362 3785 cum
380 3738 440 3789 edd.
462 3740 524 3788 aute
543 3739 610 3789 0od.
636 3739 715 3800 quasi
733 3742 781 3790 aut
799 3742 994 3793 sententiarum
1013 3741 1157 3794 dictionem
1176 3756 1228 3795 ῦοῦ

163 3800 328 3868 ἱ(ἒῦίοοςῦοιῑ
346 3807 449 3872 oratio,
467 3808 515 3857 sed
533 3807 677 3870 scriptoris
695 3809 729 3858 dc
742 3820 777 3860 ca
790 3809 918 3862 iodicium
931 3811 1085 3875 exceperit,
1102 3821 1151 3862 aut
1163 3825 1228 3862 scn-

195 3971 221 4033 ς.
239 3975 257 4022 6
276 3973 388 4037 recipiet
405 3976 521 4040 proelio]
544 3977 585 4034 ct.
602 3980 664 4033 adn.
760 3979 821 4041 §.2
845 3981 922 4043 Apud
941 3983 1022 4045 qnos]
1046 3983 1104 4033 Βοο
1121 3994 1228 4045 pauens
1274 4006 1278 4011 ·

142 4042 177 4093 ad
196 4043 228 4105 1,
248 4044 282 4091 26
300 4042 326 4102 S.
345 4044 371 4093 1.
707 4050 826 4112 scriptor
842 4051 980 4114 cogitasse
993 4054 1102 4103 videtur
1119 4054 1153 4102 de
1173 4053 1228 4104 lca·

194 4108 265 4192 cap,
274 4113 319 4165 77.
336 4111 362 4172 S.
380 4116 394 4163 1
414 4126 525 4166 surarum
540 4118 663 4169 tortune-
706 4118 767 4170 bita
785 4120 812 4169 in
829 4123 957 4189 coneilio,
976 4130 1117 4185 postquam
1131 4122 1228 4173 variae

141 4180 227 4243 ruml.
243 4176 287 4236 (A.
305 4183 368 4240 ado.
385 4184 420 4236 cd
437 4188 469 4250 3,
489 4187 522 4236 12
540 4185 567 4247 s.
585 4190 611 4237 3.
707 4188 859 4241 sententiae
881 4190 971 4243 diemo
996 4193 1105 4255 essem,
1131 4190 1228 4245 acri·
