2700 4726
401 267 620 379 ero.‚r11.
669 267 792 384 cae.
815 272 861 342 oc
902 208 909 217 “
1116 277 1183 342 m
1262 292 1264 297 ⁴

94 458 210 526 subito
224 457 259 522 in
274 455 493 525 tabernaculo
507 481 707 547 oppressus,
726 469 766 525 ut
779 458 920 527 meridie
934 458 1184 546 conquieverat,

92 548 271 634 superiore
302 548 454 631 corperis
484 555 581 633 parte
610 547 738 613 nudata
761 548 937 614 vulnerato
958 570 1044 633 equo
1065 551 1120 613 vix
1145 570 1184 615 se

92 656 134 700 ex
158 633 312 701 menibus
335 635 568 720 praedantium
591 636 734 700 militum
761 636 920 719 eriperet.
976 639 1033 702 47.
1057 634 1185 705 Conse-

91 732 194 807 cutus
217 721 264 801 id,
288 722 377 807 quod
398 724 508 789 animo
532 731 767 811 proposuerat,
787 720 916 790 Caesar
937 725 1089 811 receptui
1109 725 1186 790 ceni

90 810 215 892 iussit,
247 810 461 898 legionisque
490 810 664 893 decimae,
695 833 836 898 quacum
859 817 934 877 erat
956 813 1185 894 concionatus,

125 996 156 1054 n.
174 998 257 1053 Vini.
275 997 298 1049 i·
315 1002 344 1051 et
360 1013 476 1071 cummi
496 1014 579 1064 super
590 996 662 1068 'pum
678 1002 709 1054 (i.
729 1001 920 1068 nitiobropum
933 1002 1029 1053 llamb.
1046 1002 1187 1057 Nitidro-

127 1084 197 1141 pum
222 1071 305 1121 vind.
324 1071 358 1120 A.
384 1071 576 1139 lutioirtpom
600 1075 681 1135 Bong.
702 1071 734 1124 C·
759 1072 844 1123 Goull·
870 1073 1067 1140 Nitiobripum
1085 1074 1186 1140 reliqui

125 1154 188 1193 oum
208 1141 269 1190 edd.
304 1139 348 1201 Gt.
371 1143 434 1190 adu.
452 1154 492 1192 cr.
511 1143 547 1191 ad
565 1154 590 1191 c.
608 1144 627 1194 7
645 1134 670 1203 §.
691 1145 718 1196 2.

162 1207 278 1276 nudate]
296 1211 374 1260 nuda
392 1210 427 1259 V.
446 1208 478 1262 0.
495 1210 563 1261 Vre.
582 1211 657 1261 Leia.
675 1207 710 1261 A.
727 1212 755 1265 S.
773 1213 844 1264 Har.
864 1212 898 1267 A.
915 1209 999 1262 viui.
1016 1209 1051 1259 A.

164 1277 232 1342 Cep.
250 1277 294 1331 47.
316 1279 343 1349 §.
362 1280 377 1327 1
397 1277 473 1346 caui]
494 1291 601 1332 canere
618 1280 696 1331 heiu.
714 1283 748 1331 A·
766 1282 838 1331 liar.
857 1283 891 1331 A.
910 1280 992 1330 vind.
1010 1280 1045 1328 A.

159 1348 332 1411 legionisque
345 1346 478 1414 decimae,
490 1361 604 1410 quecun
618 1359 680 1400 eret
693 1351 882 1416 concionatore,
897 1350 977 1412 signe
992 1342 1184 1409 constiterunt]

127 1418 267 1481 vulgatae
283 1418 318 1468 eia
335 1418 406 1467 Atio
424 1418 537 1468 lectioni
554 1415 647 1469 cetere
664 1421 732 1479 leaeo
750 1423 862 1487 eedem,
891 1421 940 1468 seu
956 1419 985 1468 io
1004 1418 1057 1467 tine
1075 1418 1185 1467 constt-

125 1489 193 1539 lere
209 1487 346 1545 exhibenti
359 1487 425 1537 Oui.
440 1478 856 1541 randerrimationen'auieoit:
875 1482 935 1556 „Vt
947 1489 1031 1550 vulgo
1101 1489 1186 1553 ibent,

127 1559 221 1607 exuat
245 1556 273 1606 in
294 1556 385 1615 Vrsiu.
405 1556 500 1619 Ouiae.
517 1558 618 1608 Audin.
638 1559 716 1609 Leid.
735 1573 773 1620 pr.
792 1556 945 1620 etseelig.
982 1557 1043 1607 lieli
1135 1558 1186 1608 882

127 1634 158 1677 et
174 1626 242 1680 uui.
257 1625 359 1688 prinae
376 1623 538 1692 lepiont'que
555 1629 610 1677 ete.
629 1629 793 1693 constituit.
813 1628 867 1678 uisi
885 1627 956 1692 quod
967 1625 1074 1692 iepioni
1087 1626 1187 1691 habeat
1222 1679 1225 1698 Ι

38 1748 45 1759 ,
127 1695 238 1747 heren.
254 1696 380 1746 decimae
398 1707 451 1745 ooo
468 1703 622 1759 agrroeount
639 1697 714 1747 Gott.
731 1700 815 1750 voss.
831 1701 893 1748 tert.
912 1694 989 1747 heiu.
1006 1699 1072 1746 tert.
1092 1697 1120 1744 et
1135 1696 1186 1765 liii2

56 1792 60 1799 ·
127 1760 243 1817 lueet
263 1765 464 1821 ¹ecresto'ieruot
491 1765 532 1823 eit,
550 1765 579 1814 in
604 1755 753 1816 oxonie'usi
773 1758 806 1816 ‘et
830 1765 907 1818 Leti.
930 1765 1025 1828 prino.
1061 1764 1187 1817 Ceterum

129 1830 240 1886 errarit
260 1834 390 1884 lii-antius
409 1837 437 1883 et
457 1845 517 1883 cum
538 1846 571 1885 eo
586 1834 657 1897 eiii,
687 1835 731 1898 qui
752 1840 881 1896 putarunt
900 1835 928 1884 in
948 1829 1028 1884 Carr.
1046 1834 1116 1893 libro
1134 1847 1187 1884 ex-

128 1907 207 1956 stare
227 1916 284 1968 quo
302 1905 365 1955 tum
382 1915 406 1956 e.
424 1903 587 1953 evocitatus.
611 1915 674 1953 nam
692 1906 791 1954 Brutus
812 1905 840 1954 ii
858 1917 874 1954 e
892 1904 953 1953 sola
970 1903 1088 1965 Grypnii
1105 1903 1187 1955 editi-

128 1984 181 2024 oue
198 1973 327 2036 protulit,
360 1980 388 2022 et
406 1970 433 2021 iu
453 1972 565 2023 carrar.
583 1966 677 2038 esse,'
689 1973 729 2022 uti
747 1973 803 2023 dixi
819 1973 848 2023 iu
867 1970 984 2035 ceteris,
1013 1970 1187 2023 aduoterit.“

128 2042 268 2094 litantium
286 2053 397 2092 errasse
414 2053 482 2091 vere
500 2041 600 2092 monuit
617 2042 697 2107 oud,
716 2044 764 2091 sed
779 2055 815 2092 ex
829 2041 907 2092 Gerr.
924 2043 952 2089 et
971 2042 1012 2089 eil.
1026 2042 1101 2093 utor.
1115 2042 1187 2092 liru-

129 2121 175 2162 tus
196 2123 250 2161 nou
266 2111 443 2178 cepionique,
463 2112 513 2160 sed
532 2111 707 2176 leprosisque
723 2112 1011 2175 decimae,.ooacem
1030 2113 1098 2161 eret
1116 2123 1189 2163 con-

127 2181 279 2244 cionatus,
310 2182 394 2248 eipna
417 2183 571 2232 coustituit
594 2181 697 2242 refert,
729 2182 950 2244 quemadmodum
975 2178 1057 2229 etiam
1081 2179 1109 2229 iu
1127 2180 1187 2232 l‘et.

131 2258 161 2300 et
176 2250 245 2301 hbe.
262 2251 344 2301 Fabr.
364 2250 495 2312 scripturn
513 2250 629 2301 videtur.
665 2250 734 2299 Nem
753 2249 915 2315 iepionique
936 2248 964 2297 in
981 2247 1064 2299 Febr.
1084 2246 1191 2304 tantum

131 2333 167 2370 ex
191 2320 266 2370 Gott.
288 2321 374 2369 Voss.
394 2323 427 2375 A.
451 2321 532 2383 ligur.
558 2325 586 2368 et
609 2321 679 2368 Lov.
698 2320 734 2368 ab
751 2318 864 2369 Heinsio
883 2318 1002 2380 collato,
1034 2320 1192 2386 constituit

131 2396 224 2439 eutem
242 2396 278 2438 ex
295 2386 390 2438 iisdem
415 2396 497 2440 etex
519 2390 577 2439 Pet.
596 2398 624 2437 eo
640 2389 889 2454 Librauuotaium·
901 2389 961 2447 est,
988 2387 1042 2437 seii
1058 2389 1143 2441 conl.
1162 2397 1192 2441 et

102 2484 107 2495 ›
132 2457 297 2524 iepientpoc
314 2457 514 2504 ercenstituit
530 2457 680 2506 i’etavieuo
697 2458 801 2516 pariter
818 2464 900 2519 atque
914 2455 998 2517 song.
1014 2457 1044 2506 c.
1063 2462 1091 2508 et
1104 2459 1191 2511 Pele·

131 2526 190 2578 tino
210 2525 316 2592 tribuit,
340 2526 368 2574 et
387 2533 529 2588 utrumque
547 2524 576 2576 iu
593 2525 635 2575 etl.
653 2525 729 2576 Flor.
748 2526 896 2576 secuudum
912 2535 995 2577 anon·
1014 2525 1097 2579 vinu.
1114 2532 1143 2581 et
1160 2529 1191 2583 lu

97 2700 205 2764 eastre,
224 2699 281 2748 tem
299 2694 399 2761 exiguo
416 2695 446 2746 in
464 2695 554 2759 spatio
571 2706 624 2758 po·
666 2696 781 2760 propius
800 2695 875 2746 iuter
891 2708 932 2758 se,
950 2709 1030 2760 quem
1045 2712 1107 2752 cum
1118 2702 1190 2761 reii-

98 2773 170 2831 site,x
177 2770 318 2832 poterent,
330 2769 392 2817 siue
402 2768 469 2816 uota
477 2767 624 2832 numerali,
667 2767 729 2830 quis
748 2767 895 2819 coniuncte
912 2771 1017 2818 esseut.

97 2843 177 2895 recte
209 2837 380 2889 densissime
402 2839 504 2888 eastra
524 2835 624 2897 appel·
717 2834 785 2899 Gap.
805 2835 848 2886 ⁴7.
867 2836 893 2896 s.
912 2836 939 2889 1.
960 2837 1133 2891 consecutus
1150 2838 1191 2909 iu,

96 2903 352 2968 lari.“(eouomuui
371 2907 522 2955 enimcum
535 2905 624 2956 Devi—
667 2905 740 2966 quoti
767 2905 858 2954 animo
883 2908 1082 2975 proposuerat]
1119 2912 1192 2973 quod

97 2981 142 3031 sio
165 2990 265 3028 errore
290 2976 422 3028 Clerkius
445 2975 624 3025 tristantem
643 2974 820 3050 ‘cuiusmodi
839 2975 935 3042 tuerit,
950 2989 1005 3027 uon
1018 2990 1077 3028 cum
1091 2980 1191 3031 lleldio

97 3050 194 3102 eastra
212 3047 355 3097 Gallorum
378 3047 468 3095 fuisse
494 3046 625 3106 portabat)
666 3057 702 3094 ex
721 3056 745 3093 c.
764 3044 913 3095 tiverius
931 3046 1075 3112 extremis,
1093 3051 1192 3101 sodex

98 3118 295 3170 verumetiam
308 3117 344 3181 ei,
359 3113 625 3178 queeuostrisimle
667 3112 765 3177 primis
791 3126 815 3164 c.
839 3109 877 3163 ii
901 3117 1048 3177 petendum
1069 3117 1192 3185 videtur,
1269 3140 1275 3149 =

97 3184 134 3240 telo
156 3188 261 3238 neiuio
282 3186 481 3246 interpretibus
507 3182 625 3246 placuit:
668 3183 766 3247 quibus
790 3183 904 3234 collatis
929 3184 971 3235 rei
991 3187 1121 3248 deinceps
1139 3201 1192 3239 ex-

98 3258 149 3314 mit
159 3259 260 3325 ioque,
277 3255 340 3321 bittit
359 3269 391 3309 en
406 3256 535 3321 doenum
554 3263 626 3314 quse
667 3252 777 3316 positae
793 3255 903 3303 ratione
918 3254 1011 3304 habite
1027 3255 1194 3322 inteiiigitur

98 3328 243 3391 elingues
256 3338 309 3374 usu
322 3328 404 3388 paulo
417 3327 507 3376 miuus
522 3326 626 3375 eonor·
669 3323 765 3374 eedem
789 3323 930 3374 sententie
958 3334 993 3376 re
1018 3325 1086 3376 tene
1109 3329 1194 3394 posta

97 3409 182 3463 ress,
216 3394 348 3455 caesarie
367 3397 459 3445 temen
475 3394 626 3445 consuetu·
668 3395 696 3443 lr.
713 3393 734 3441 l.
753 3390 807 3440 dici
821 3392 954 3455 potuisse,
972 3407 1027 3445 nec
1039 3396 1109 3446 satis
1123 3408 1193 3448 cen-

98 3466 168 3530 uini,
186 3476 241 3527 que
255 3468 282 3531 2,
299 3467 334 3515 22
352 3463 378 3524 s.
396 3466 411 3512 1
429 3465 541 3529 sepitur
555 3464 627 3515 deu·
667 3473 718 3514 see
741 3460 840 3513 fuissex
854 3464 1000 3525 Krenero,
1031 3476 1081 3514 cur
1107 3466 1193 3519 dissi·
1268 3494 1277 3504 ·

27 3550 32 3560 “
98 3535 222 3588 cissimis
241 3537 270 3584 et
287 3538 319 3597 3,
342 3536 376 3584 29
395 3534 423 3594 s.
441 3539 458 3584 2
477 3533 628 3585 densiores
666 3532 800 3584 maiatum
823 3532 929 3594 aliquid
952 3532 1157 3587 occultatumre
1174 3549 1195 3589 e

99 3607 185 3656 siloes
207 3608 235 3656 et
254 3601 289 3669 4,
306 3603 342 3654 38
360 3602 389 3663 S.
406 3607 424 3657 3
442 3603 628 3654 densissimas
666 3601 805 3663 scriptore
839 3601 1042 3663 suspiceretur.
1077 3604 1194 3658 :Animo

100 3675 193 3727 odeas
211 3674 292 3741 dixit,
313 3685 366 3724 nou
384 3673 474 3736 magis
493 3670 628 3724 conveni·
667 3676 769 3734 eutem,
785 3672 858 3734 quod
871 3671 943 3722 idem
954 3672 1196 3729 uuoimiatutrou

99 3758 169 3810 cue,
194 3744 278 3795 simui
295 3756 354 3793 rem
371 3743 459 3794 insert
476 3750 504 3791 et
520 3743 629 3794 medie·
667 3754 717 3807 pro
736 3741 848 3808 dativo,
874 3753 910 3791 ao
928 3752 979 3805 pro
999 3744 1124 3797 ablativo
1141 3749 1195 3799 iis-

102 3815 203 3866 criims
226 3813 392 3865 interuallis
416 3825 441 3863 c.
466 3814 501 3861 iiii
520 3811 547 3871 S.
566 3816 583 3863 2
599 3813 629 3862 et
669 3814 786 3864 bendum
798 3812 885 3877 esset,
902 3813 1051 3863 secuudum
1062 3815 1195 3867 Gesseris

101 3885 175 3949 ipsis
191 3883 387 3947 quodaminodo
409 3881 502 3934 trinis
521 3881 630 3933 caetris
669 3881 801 3945 loquendi
825 3894 905 3933 usum
924 3884 1096 3936 hauddubie
1113 3886 1195 3955 qaia·

103 3956 313 4016 adversantem,
327 3953 425 4023 quipus
440 3951 467 4014 S.
482 3949 630 4002 tltomaui
671 3953 747 4002 tirus
767 3952 820 4001 est.

102 4024 191 4088 potiri
209 4024 347 4076 dicuutur.
381 4024 458 4073 llaec
483 4020 556 4072 enim
572 4033 630 4083 upu
725 4032 842 4084 quaeum
855 4022 918 4073 eret
929 4020 1123 4083 concionatus]
1135 4025 1197 4077 lloc

103 4096 165 4145 siia
182 4094 217 4143 de
236 4103 323 4144 causa
335 4092 416 4144 trinu
429 4091 532 4157 potius,
548 4100 631 4155 qum
672 4092 708 4143 ad
725 4089 856 4142 Caesaris
880 4091 1035 4145 cretionem
1056 4107 1080 4144 c.
1092 4092 1136 4146 45
1153 4095 1197 4146 si·

104 4166 170 4218 trio
196 4162 254 4216 dici
278 4162 426 4230 ridentur,
459 4172 542 4229 qoam
558 4161 631 4227 qood
673 4159 1196 4232 guiticetemepectereuouiugitlier-
