2700 4726
447 314 549 386 urs.
575 313 656 386 vu.
699 315 821 391 cnr.
842 320 886 389 31
1142 324 1206 392 aar

110 504 205 595 ''qnae
234 505 500 597 imperarentur,
534 503 602 571 sibi
630 504 787 594 patienda
811 513 846 572 el
867 504 1065 593 perferenda
1089 510 1205 577 existi-

128 600 260 660 marent.
324 595 379 660 31.
404 591 477 659 Nec
500 593 627 672 minus,
650 616 749 679 quam
774 602 827 658 est
850 597 1040 681 pollicitus,
1060 594 1204 663 Vercin-

128 683 249 767 getorix
268 680 378 745 animo
394 680 582 760 laborabat,
602 688 641 744 ut
658 682 807 767 reliquas
825 683 978 747 civitates
994 683 1201 769 adiungeret,

75 844 77 855 Ι
129 774 219 857 caque
241 788 355 832 earum
380 768 549 855 principes
573 766 670 832 donis
694 769 1064 856 pollicitationibusque
1087 774 1201 838 allice-

75 900 77 919 .
111 854 190 927 'bnt
231 852 322 921 Huic
344 857 395 921 rei
416 854 555 922 idoneos
576 854 728 922 homines
748 855 928 943 deligebat,
951 878 1091 943 quornm
1108 860 1200 946 quis·
1223 870 1244 931 2

116 1038 120 1049 '
140 1052 145 1075 ²
183 1054 213 1098 et
232 1046 409 1109 perferenda]
441 1040 484 1096 lta
503 1031 573 1096 And.
592 1043 644 1109 θῇ.
663 1043 712 1096 cu.
733 1045 761 1096 S.
778 1043 855 1095 Leid.
875 1047 908 1098 h.
926 1045 999 1097 liav.
1018 1047 1051 1096 A.
1072 1046 1150 1099 Vind.
1168 1053 1200 1100 Α.

118 1118 188 1183 Ἣ,
202 1118 235 1167 nt
251 1116 322 1167 eod.
338 1117 423 1177 putat,
436 1115 525 1165 'codex
545 1113 651 1177 Vrsini,
672 1114 717 1175 qui
734 1115 762 1164 in
779 1114 890 1164 Emend.
902 1115 1038 1166 Fatmum
1055 1119 1201 1170 secundum

152 1186 187 1237 V·
203 1185 236 1237 G·
252 1185 404 1235 omittenda
421 1186 489 1234 haec
507 1183 638 1233 statuisse
656 1185 749 1233 diceus
765 1195 816 1231 sno
830 1183 858 1233 iu
876 1185 970 1233 codice
985 1185 1089 1246 legisse
1108 1198 1144 1236 ee
1156 1189 1201 1236 vi-

132 1254 242 1317 ,tletur3
271 1253 337 1303 item
354 1255 441 1302 Aldus
459 1256 488 1303 et
504 1267 562 1316 sqq.
580 1254 717 1315 usquead
735 1251 874 1316 Lipsium,
901 1254 945 1314 qui
963 1254 1072 1305 Faerno
1088 1265 1201 1306 auctore

123 1382 133 1393 ,Ι
153 1334 185 1374 oe
203 1321 311 1383 emisit3
341 1323 455 1383 denique
480 1321 548 1371 Oud.
572 1321 616 1382 qui
644 1335 692 1382 per
715 1320 835 1381 Lipsium
856 1322 945 1370 eiecta
963 1322 1099 1387 restituit,
1130 1324 1202 1390 iure,

129 1398 180 1442 ‘ut
201 1392 324 1455 equidem
349 1390 451 1451 opinor.
486 1389 581 1442 Facile
602 1390 672 1439 euim
697 1391 824 1438 excidere
841 1391 953 1452 propter
969 1392 1201 1446 homoeoteleuton

118 1480 122 1491 ·
153 1462 307 1525 potnerunt,
327 1467 356 1508 et
375 1460 480 1511 Caesar
498 1461 585 1510 verba
600 1471 646 1508 res
664 1457 786 1509 eiusdem
804 1463 914 1522 generis
931 1460 1115 1524 significantia
1132 1475 1200 1513 con·

75 1576 77 1587 ,
151 1530 192 1581 ina
227 1540 259 1580 re
273 1530 353 1578 sciet.

138 1588 141 1593 ’
181 1542 247 1662 tlgaip.
267 1598 310 1647 31.
336 1597 362 1655 S.
382 1595 396 1643 1
421 1607 513 1644 earum
533 1593 668 1656 principes
689 1594 768 1645 donis
789 1594 1081 1661 pollicitationibusque
1100 1599 1199 1651 allice-

75 1618 79 1719 l
151 1665 206 1734 het]
223 1694 260 1704 —
276 1664 418 1717 alliciebat
434 1666 517 1725 volgo
534 1666 595 1720 (cll.
617 1665 743 1723 lismoi:
761 1665 891 1716 allicebat
909 1667 991 1728 Bong.
1008 1671 1042 1718 A.
1062 1668 1143 1719 vind.
1162 1674 1198 1724 A.

75 1732 79 1787 l
149 1736 202 1799 (hle
230 1737 306 1796 adl.)
330 1748 407 1798 quem
424 1733 576 1794 principum
596 1730 624 1782 in
644 1737 756 1795 utroque
774 1746 875 1796 genere
894 1736 1017 1785 codicum
1037 1750 1199 1791 consensum

75 1800 79 1869 l
150 1816 200 1857 nan
215 1806 348 1857 fortuitae
365 1804 466 1852 erroris
484 1801 663 1853 communioni
681 1805 821 1862 acceptum
834 1805 1007 1854 referendum
1026 1820 1088 1855 esse
1105 1821 1199 1871 gram-

149 1874 304 1925 maticorum
328 1871 481 1924 auctoritas
509 1873 661 1931 persuadet.
706 1872 750 1919 lte
769 1872 841 1920 enim
860 1870 1002 1921 cherintus
1027 1875 1093 1925 lust.
1111 1890 1198 1939 gram.

149 1937 561 2005 h.scep.1p.1451dcd.:
593 1940 701 1997 allicco.
729 1952 785 1988 aec.
812 1940 881 1990 leni.
901 1942 1024 2003 pelliceo.
1048 1955 1103 1994 ccc.
1127 1947 1197 1997 ieci.

150 2012 290 2062 Diomedes
315 2019 405 2060 autem
421 2024 446 2066 p.
466 2005 521 2059 364
539 2008 655 2058 Potsch:
682 2020 771 2072 aapco
788 2009 876 2069 uani,
901 2010 1000 2059 alliceo
1017 2013 1121 2076 alieni,
1147 2015 1199 2066 aad

151 2082 224 2147 apud
249 2083 366 2132 celeres
390 2078 485 2128 allicio
507 2077 644 2141 lapithae,
673 2078 790 2138 pelliceo
814 2079 928 2139 pelleai.
963 2079 1113 2130 secundum
1132 2084 1198 2134 haec

152 2152 227 2201 etiam
247 2150 275 2212 5,
293 2150 327 2199 ⁵5
345 2148 373 2208 S.
391 2151 408 2196 3
425 2146 542 2196 allicere
560 2146 783 2206 pronuntiandum
801 2147 925 2195 videtur:
944 2148 1059 2197 casales
1076 2151 1198 2202 damno-

149 2221 246 2285 letqae
257 2220 322 2269 tota
330 2216 423 2267 Gallia
434 2216 545 2281 thapnis
559 2216 697 2278 praetatis
711 2214 750 2264 ad
763 2226 793 2264 se
802 2215 919 2266 allicere
932 2216 1033 2278 coepit.
1054 2217 1085 2267 in
1096 2221 1198 2270 ceteris

149 2300 245 2353 magne
260 2297 304 2337 est
315 2289 436 2336 codicum
452 2284 644 2343 discrepantia.
679 2285 754 2343 Quod
769 2296 851 2344 supra
866 2283 953 2345 posui,
969 2285 996 2333 id
1011 2286 1072 2334 inde
1085 2288 1198 2339 abhldo

75 2358 77 2385 ¹
148 2360 286 2422 volgatum
303 2354 650 2405 examinandarum
669 2357 695 2399 s.
717 2352 794 2402 heid.
810 2355 841 2402 h.
861 2353 924 2400 Par.
937 2353 967 2404 ii.
985 2355 1095 2406 tisun.
1114 2357 1196 2409 vind.

75 2414 78 2511 l
149 2430 180 2480 Δ.
212 2428 254 2477 lle
272 2425 367 2475 Vrsini
385 2424 489 2486 codice,
508 2435 584 2484 quem
603 2421 659 2470 iliis
677 2422 751 2469 addit
765 2421 843 2485 0ud.,
860 2433 948 2482 neque
966 2421 994 2470 in
1010 2424 1090 2472 Notis
1108 2439 1197 2488 neque

75 2518 78 2529 ·
148 2494 176 2547 lu
192 2493 433 2547 mandationibus
458 2493 600 2555 quicquam
627 2488 808 2553 significatum
830 2498 880 2539 est.
917 2490 1027 2553 Reliqui
1045 2494 1153 2545 codices
1170 2506 1199 2548 et

121 2661 312 2733 bitinniam
324 2666 447 2730 erectos,
464 2661 633 2728 concitatos,
676 2661 755 2713 censi
779 2674 825 2712 res
845 2662 915 2713 duas
932 2663 1047 2721 effectas
1065 2680 1129 2718 esse
1148 2670 1198 2719 do·
1277 2702 1279 2707 ·

77 2734 80 2739 ’
121 2736 264 2800 mirque
289 2734 359 2787 cittii
380 2735 508 2795 Livium,
542 2733 589 2794 qui
607 2734 635 2795 7,
676 2736 721 2781 cet
738 2731 773 2780 ad
790 2732 925 2794 reliquum
941 2736 1046 2795 tempus
1061 2738 1200 2800 reliquos-

121 2802 149 2859 li
166 2808 192 2873 S.
210 2810 228 2857 3
246 2812 275 2856 et
292 2809 337 2872 21,
354 2802 390 2855 at
405 2802 431 2862 S.
450 2806 467 2852 2
484 2802 523 2853 ad
539 2814 634 2866 aricia,
677 2813 730 2863 que
748 2800 846 2851 Gallos
864 2814 920 2850 uon
939 2803 1044 2868 minus,
1065 2818 1146 2868 quam
1164 2810 1200 2858 ap

121 2874 162 2939 lb,
185 2872 221 2927 te
238 2874 267 2936 S.
286 2875 319 2922 13
336 2873 367 2922 in
386 2874 485 2938 sapam
503 2884 564 2920 cum
582 2873 634 2920 hoc
678 2872 738 2933 hos,
758 2872 830 2930 apud
850 2883 919 2932 quos
938 2872 1033 2922 trahite
1053 2880 1115 2925 erat
1133 2889 1199 2927 ora-

119 2944 259 3009 pertioipio
292 2943 461 3006 coniungens
496 2943 634 2990 terrorem
677 2940 728 3003 tio,
746 2942 928 3001 pertinentes,
948 2952 1039 3007 onam,
1057 2948 1087 2993 ut
1104 2951 1200 2997 castra

119 3014 210 3065 onmis
231 3012 365 3065 iniectum
381 3012 518 3072 simulque
537 3021 589 3072 quo
608 3009 633 3056 is
677 3008 786 3056 munire
805 3008 994 3074 instituerint,
1015 3014 1148 3080 alteram,
1170 3020 1201 3065 ut

119 3083 285 3147 spectaverit
302 3085 331 3131 ot
346 3082 410 3144 quid
425 3079 568 3144 petiverit,
584 3078 635 3127 de-
676 3076 784 3126 enlmos
815 3077 991 3140 imperiorum
1023 3081 1200 3144 impatientes

118 3155 249 3207 musnet
273 3152 370 3201 eadem
394 3151 547 3212 brevitate,
580 3158 635 3209 qua
677 3145 837 3195 demiseriut
871 3150 899 3196 et
931 3149 1004 3198 dicto
1039 3153 1199 3203 obedientes

118 3222 287 3287 thucydides
304 3222 331 3282 ²,
348 3217 382 3268 65
400 3220 458 3282 §.9
477 3220 510 3268 dc
524 3216 634 3266 Pericle
676 3227 740 3263 esse
758 3215 884 3275 quamvis
906 3216 977 3266 diora
999 3217 1199 3279 imperantium

119 3292 194 3345 dicits
211 3284 296 3343 ὁπότε
312 3283 378 3355 poia
394 3280 523 3338 αἴσθοιτό
540 3304 569 3336 aa
586 3280 634 3335 αὖ·
677 3283 832 3332 didicerint.
875 3287 916 3332 Ae
938 3288 972 3334 de
996 3289 1105 3350 reliquo
1127 3296 1198 3340 tem.

118 3359 171 3417 serie
188 3355 268 3425 nopai
285 3351 384 3425 saepia
401 3350 477 3423 ὕβρει
494 3351 635 3420 &opacio—
675 3365 743 3414 pore
768 3351 938 3414 reliquisque
957 3355 1046 3404 Gallis
1069 3361 1100 3406 ut
1120 3361 1199 3423 cogi.

118 3446 166 3491 tas,
193 3424 283 3496 λέγων
310 3421 496 3488 κατέπλησαν
526 3421 573 3474 e’al
600 3415 633 3472 τό
675 3424 774 3488 temus,
788 3423 966 3473 admonemur
977 3426 1070 3474 verbis
1085 3440 1117 3476 eo
1126 3431 1199 3480 tem-

117 3499 277 3566 φοβεῖσθαι,
305 3496 352 3543 acl
369 3488 491 3546 δεδιότας
510 3481 544 3542 ab
569 3483 635 3540 itc'-
674 3503 747 3555 pore
765 3494 793 3540 et
811 3489 904 3555 Galli,
932 3501 959 3541 et
982 3496 1053 3554 quud
1071 3496 1199 3550 harpiae,

117 3582 162 3632 pec
190 3563 377 3626 ἀντικαθίστη
408 3556 494 3611 πάλιν
525 3554 570 3610 e‘rrl
600 3553 633 3608 sci
676 3560 1052 3612 ineuelilaiorisdlcuutur.
1070 3566 1200 3618 Ceterum

116 3634 235 3701 θαρσεῖν.
265 3632 371 3683 Caesar
402 3642 471 3679 vero
501 3627 635 3679 eiusmodi
676 3633 762 3680 verho
776 3632 962 3681 consternari
976 3631 1200 3688 antecaesarem

115 3704 178 3755 nihil
193 3703 302 3755 addens
314 3699 528 3764 magnitudinem
542 3699 642 3747 terro··
663 3713 757 3750 vuento
784 3703 813 3750 et
830 3699 890 3760 ipse
909 3702 961 3750 hoc
978 3714 1033 3750 uno
1049 3703 1111 3754 loco
1132 3720 1200 3756 usus

116 3773 151 3824 rls
168 3786 206 3825 ex
224 3784 270 3839 eo,
287 3771 360 3834 quod
379 3769 512 3828 effecerit,
531 3779 635 3830 cogno-
679 3770 803 3817 videtur:
825 3771 922 3830 postea
940 3770 1050 3820 Hirtius
1069 3777 1155 3825 semel
1172 3778 1200 3836 8,-

117 3845 270 3906 totndam,
284 3840 375 3904 ipsum
393 3848 483 3887 autem
498 3841 636 3886 terrorem
679 3839 713 3888 19
731 3838 786 3899 §.7
803 3839 999 3894 (consternati
1010 3844 1199 3909 proseminat)

117 3922 166 3964 nen
191 3916 334 3972 tamquam
359 3908 487 3959 oratioue
513 3905 635 3954 Vercin-
658 3904 881 3958 ‘deindeLivius
895 3909 926 3958 et
937 3907 1064 3961 historici
1078 3915 1200 3976 saepius.

118 3973 637 4047 geterigisiniectomproponitquippe
895 4024 911 4050 s

119 4062 192 4115 tuam
212 4062 272 4101 non
293 4051 432 4112 ingratam
449 4046 538 4096 fuisse
556 4043 636 4093 audi·
729 4044 794 4106 Cep.
810 4047 853 4094 31.
872 4043 928 4106 8.1
948 4046 1053 4108 enimc]
1071 4047 1100 4098 Id
1114 4062 1202 4112 (ηιμ).

119 4120 220 4174 tarium
236 4122 267 4170 et
287 4120 384 4170 honam
406 4117 448 4167 eis
469 4126 547 4178 spem
559 4114 636 4162 attu—
677 4110 759 4161 situm
778 4114 888 4167 videtur
905 4117 1010 4185 uerbis,
1028 4119 1125 4183 quihus
1139 4122 1202 4171 erat

119 4186 180 4245 llrso
197 4189 339 4258 mundi,
367 4187 417 4241 sed
433 4186 513 4240 clade
529 4181 633 4237 Aram·
676 4180 825 4246 pollicitus.

910 4251 995 4319 27*
