2700 4726
375 306 479 377 Llll.
502 306 590 376 Vll.
634 305 757 377 cni.
779 309 825 377 si
1083 314 1151 382 iso

61 501 131 577 tun,
155 498 215 558 out
236 490 335 560 (louet
358 492 492 562 timoris
513 496 659 581 aliquam
681 496 916 587 suspicionem.
960 496 1146 565 Discedeu-
1168 509 1189 571 8

61 584 156 647 tibus
181 581 234 646 his
256 582 405 649 breviter
428 606 489 648 suo
510 585 544 649 in
560 583 720 651 Haeduos
736 586 855 653 merita
868 587 1039 670 exposuit:
1062 608 1146 672 quos

62 679 98 736 ct
123 689 221 755 quom
244 669 386 735 humiles
411 673 617 760 accepisset,
641 675 821 758 conpulsos
844 674 879 738 in
903 673 1037 763 oppido,
1061 679 1191 763 mpl·4

60 755 286 840 tectosagum,
318 758 473 824 omnibus
495 761 622 847 ereptis
646 761 770 846 copiis,
797 761 945 846 inposito
968 761 1149 846 stipendio,

60 842 1149 937 omfflwswmmmmemmmmemmm‚mqmmm

60 934 233 999 loctunam
258 955 426 1018 quomque
448 937 484 999 in
508 934 762 1022 amplitudinem
787 934 1002 1014 deduxisset,
1022 944 1062 1000 ut
1082 959 1148 1003 non

61 1023 173 1086 solum
195 1022 229 1084 in
253 1021 433 1107 pristinum
453 1030 579 1089 statum
603 1022 793 1104 redissent,
815 1021 875 1089 sed
897 1024 1042 1089 omnium
1064 1030 1149 1089 tem.

59 1130 181 1192 porum
214 1105 413 1192 dignitatem
443 1117 478 1174 et
511 1112 654 1196 gratiam
687 1113 910 1177 antecessisse
943 1110 1149 1181 uiderentur.

59 1195 127 1282 His
150 1194 241 1261 dotis
262 1195 430 1263 mendatis
453 1218 511 1264 eos
535 1199 578 1264 ab
594 1221 631 1265 se
650 1196 792 1268 dimisit.
834 1201 891 1268 ⁵⁵.
912 1195 1148 1266 Noviodunum

93 1386 182 1438 Aldus
205 1388 234 1435 et
256 1385 285 1436 id
308 1398 396 1451 genus
416 1387 526 1438 codices
544 1389 654 1451 potius,
689 1401 770 1453 quam
788 1389 872 1453 flung.
890 1390 924 1440 Δ.
944 1392 997 1440 etc.
1017 1388 1152 1455 sequendi
1172 1424 1178 1433 .

95 1457 209 1518 fuerint,
230 1469 265 1505 ex
283 1458 346 1506 adn.
366 1458 403 1507 ad
419 1455 445 1521 t,
464 1460 482 1507 o
498 1456 524 1518 S.
543 1461 559 1510 5
576 1459 697 1522 intelligi
717 1460 819 1520 potest.
912 1450 917 1463 '

129 1525 219 1584 deret]
251 1525 285 1572 V.
310 1526 340 1576 G.
367 1528 434 1575 Vns.
459 1528 523 1577 Not.
547 1529 624 1577 Leid.
643 1531 677 1578 A,
695 1529 768 1584 Han.
786 1531 821 1578 A.
838 1524 923 1577 vind.
940 1528 974 1577 A.
991 1528 1064 1579 Ven.
1083 1530 1103 1579 f.
1122 1535 1152 1578 eo

94 1597 168 1643 teste
193 1595 221 1642 iu
246 1596 359 1644 Emeud.
380 1596 485 1646 Vrsino
505 1597 642 1647 Faernus.
676 1599 769 1661 Vulgo
795 1599 869 1648 aare
887 1597 1007 1661 legitur3
1037 1596 1152 1659 quodsi

92 1666 251 1728 probamus,
270 1668 318 1714 oiit
337 1667 527 1731 suspicionem
541 1662 653 1719 causam
666 1665 836 1731 suspicandi,
855 1668 903 1716 aut
917 1667 990 1718 dore
1002 1668 1150 1716 admittere

93 1735 123 1783 in
146 1748 179 1782 ss
202 1734 383 1795 interpretari
407 1736 545 1788 debemus.
587 1736 657 1785 Nom
681 1749 713 1786 eo
735 1732 1151 1805 se11s11,quoo·62§.4nee

94 1800 181 1853 dolat
197 1804 389 1865 suspicionem
408 1806 498 1871 pupae
517 1804 664 1870 quisquam
683 1807 711 1853 et
728 1807 755 1868 6,
771 1809 789 1856 7
809 1804 836 1865 S.
853 1806 871 1856 8
888 1817 942 1868 quo
961 1806 1077 1872 facilius
1097 1805 1151 1854 bo-

94 1873 185 1922 stibus
214 1873 329 1922 timoris
354 1874 403 1923 det
426 1875 611 1936 suspicionem
638 1873 771 1937 legimus,
802 1875 828 1924 li.
853 1873 872 1920 l.
894 1874 990 1934 legere
1006 1875 1075 1923 illud
1093 1887 1151 1924 nou

94 1955 252 2005 possumus,
267 1934 486 2002 quinCsesarem
499 1956 554 1993 uon
568 1957 602 1992 ue
616 1943 724 2000 timere,
739 1943 787 1990 sed
801 1955 836 1991 ue
850 1941 958 1999 timoris
967 1944 1152 2004 suspicionem

93 2012 215 2073 aliquam
234 2011 340 2059 iniicere
358 2010 509 2074 videretur,
529 2013 641 2063 cavisse
659 2015 823 2061 statuamus.
859 2011 935 2070 Qiiod
951 2024 1013 2061 cum
1028 2014 1152 2074 ineptum

94 2074 149 2143 sit,
182 2080 251 2127 illud
276 2082 368 2128 sutem
390 2081 593 2141 interpretandi
617 2080 768 2130 remedium
792 2074 856 2137 usui
874 2082 985 2133 inminse
1003 2084 1150 2146 repugnet,

95 2162 157 2198 cum
168 2150 278 2198 Faenio
294 2149 438 2209 legendum
452 2152 605 2214 estiterit,
625 2149 795 2211 quodetiam
812 2150 1022 2209 Baiiinstarkius
1034 2150 1152 2210 recepit

57 2224 64 2231 '
128 2216 189 2278 §.3
215 2217 355 2278 exposuit]
384 2222 413 2268 et
431 2219 602 2278 posuisset.
625 2218 708 2268 Febr.
726 2218 882 2281 proposuit
901 2217 973 2267 idem
992 2218 1076 2268 coiit.
1095 2232 1153 2269 eo·-

91 2287 175 2351 ponit
192 2288 262 2336 Lov.
282 2287 368 2335 norv.
385 2287 443 2336 Pal.
461 2289 509 2337 Dr.
530 2291 557 2336 n.
576 2289 656 2339 Vrat.
676 2288 705 2336 c.
722 2288 807 2337 Gotb.
823 2287 855 2334 B.
876 2286 972 2339 liomb.
992 2288 1073 2338 Viud.
1091 2288 1149 2339 un.

93 2357 173 2406 Rom.
192 2367 218 2407 a.
237 2356 308 2404 bled.
328 2366 354 2403 a.
376 2358 446 2406 Veu.
466 2359 541 2408 bede.
561 2359 624 2405 Ber.
644 2357 711 2406 0ud.
856 2408 858 2413 ,

126 2422 155 2485 S.
170 2423 189 2475 i
204 2424 367 2486 conpulsos]
385 2427 463 2490 Egon.
481 2430 567 2489 Boiig.
584 2429 617 2476 A.
638 2426 703 2475 Pur.
725 2429 758 2476 Α.
779 2437 834 2474 nou
852 2435 942 2485 comp.

126 2494 262 2555 inposito]
281 2494 367 2543 Voss.
384 2494 417 2543 Α.
434 2497 512 2560 Egm.
532 2497 632 2562 (flung.
647 2494 697 2562 A.)
719 2497 802 2547 vrst.
822 2496 855 2544 A.
878 2494 943 2543 Par.
957 2495 990 2541 Α.
1008 2504 1065 2544 nou
1082 2492 1149 2557 imp.

94 2563 238 2624 (innitenso
259 2563 341 2612 vind.
364 2561 410 2624 c.)
1050 2614 1052 2619 ¹

128 2633 246 2691 dimisit]
277 2632 399 2683 dimittit
424 2625 502 2681 Carr.
527 2631 585 2684 cod.
605 2633 684 2682 Turn.
701 2631 780 2681 Leid.
796 2632 830 2681 A.
850 2631 901 2681 ox.
922 2633 994 2682 flav.
1012 2633 1047 2687 A.
1064 2630 1150 2684 vind.

93 2701 128 2752 A.
148 2702 222 2752 Dok.
242 2703 325 2765 Bong.
346 2695 378 2750 C·
402 2701 483 2754 Goth.
503 2701 533 2749 Β.
553 2701 638 2755 vind.
664 2699 693 2755 C·
714 2702 782 2752 Oud.
804 2703 914 2752 tacente
932 2702 976 2752 Pl.

57 2869 158 2921 sitione
174 2879 284 2921 suctum
301 2869 584 2934 signiticarevidetur
624 2869 740 2934 cogitari
758 2871 846 2920 minus
864 2869 977 2930 patitur.
1012 2869 1151 2936 ci.1‚sl
1253 2897 1262 2907 ⁵

55 2943 349 3004 maturandoeflicere‚
368 2940 584 2988 utceieriused-
626 2939 652 3000 s.
671 2944 688 2986 6
709 2947 736 2989 et
754 2942 781 2991 7.
802 2943 828 2997 6,
848 2940 881 2988 12
899 2938 924 3004 §-
942 2945 968 2989 3.

55 3007 128 3059 uitet
137 3011 162 3058 iu
171 3020 344 3071 conspectum
353 3009 507 3072 prodeatis,
516 3010 584 3068 quod
623 3052 627 3061 ,
678 3009 729 3057 ilis
742 3010 812 3058 dotis
825 3010 973 3067 mandatis]
986 3008 1153 3069 Quaesoprs

55 3079 246 3130 discuterent
256 3080 363 3128 dieitur.
400 3079 499 3125 liudem
514 3077 583 3125 cotio
626 3077 829 3127 discedentibus
844 3079 1020 3136 oportunum
1034 3080 1060 3126 et
1073 3077 1153 3125 Vui-

57 3157 87 3198 et
113 3149 157 3196 vis
183 3153 227 3197 est
251 3150 397 3197 verborum
418 3150 584 3196 accelerare
627 3147 738 3196 domato
759 3148 920 3205 extimuisse
942 3147 1046 3196 caesar
1063 3147 1153 3194 dictus

57 3220 86 3266 et
103 3229 321 3279 approperare,
341 3213 485 3278 inquibus
504 3227 584 3275 pirae·
627 3218 679 3278 est,
698 3225 732 3264 cs
749 3229 819 3264 nmm
837 3217 918 3264 simul
938 3219 1100 3282 perferendo
1116 3215 1152 3264 ad

55 3287 157 3350 positio
175 3287 238 3347 quid
256 3287 310 3335 sibi
329 3285 405 3348 velit,
422 3298 456 3334 ex
477 3286 582 3333 intran-
624 3285 752 3334 Haeduos
776 3293 804 3332 et
823 3285 850 3334 in
869 3285 1025 3333 memoriam
1043 3283 1152 3333 civitati

56 3356 144 3405 sitive
169 3365 262 3405 sorum
290 3355 486 3417 significatione
512 3353 582 3402 ioci·
624 3355 781 3404 revocanda
804 3354 844 3404 eis
868 3356 1013 3402 moiidssse
1039 3354 1150 3402 demon·

55 3425 113 3476 lius
134 3425 303 3486 pterspicitun
328 3448 363 3458 -
392 3425 431 3471 lie
448 3422 583 3471 infinitivo
626 3428 730 3472 stratur
749 3424 830 3471 simili
847 3423 983 3471 brevitate
998 3424 1151 3487 steinenla,

55 3495 95 3545 ci.
113 3492 175 3542 Vol.
202 3495 227 3542 1.
245 3508 269 3555 p.
289 3489 340 3544 154
358 3492 405 3542 ini.
424 3494 452 3541 et
469 3495 530 3542 aun.
547 3492 583 3542 ad
626 3505 679 3554 que
696 3497 733 3554 2,
752 3493 768 3542 5
787 3495 814 3553 s.
832 3496 849 3541 3
870 3500 1012 3554 postquam
1031 3493 1150 3542 iiivitio-

54 3568 90 3626 3,
108 3565 143 3612 23
163 3559 190 3621 S.
208 3564 235 3615 7.
626 3574 687 3611 eum
713 3562 821 3624 decisio,
852 3571 904 3622 quo
928 3561 1005 3609 iiiodo
1024 3558 1152 3611 distineri

108 3632 134 3694 s.
161 3629 180 3679 t
212 3630 336 3682 omuibus
361 3629 462 3691 ereptis
482 3627 583 3693 copiis]
625 3631 854 3680 manusiiostinm
874 3630 993 3689 possent,
1011 3628 1152 3681 bisonem·

55 3700 160 3764 Copiae
175 3701 199 3748 b.
212 3702 231 3749 i.
245 3714 299 3750 uon
312 3699 393 3749 aliter
407 3699 495 3747 dictae
510 3701 583 3761 sunt,
626 3692 705 3750 datis
720 3713 780 3749 eum
798 3701 831 3748 ab
847 3711 876 3745 se
890 3696 1027 3753 (timuisse
1041 3700 1150 3749 dicitur.

55 3782 137 3833 quam
164 3771 200 3832 1,
231 3769 301 3829 38.
329 3769 345 3818 5
374 3777 401 3825 et
422 3769 525 3816 dnobus
546 3767 582 3815 ibi
625 3770 717 3818 Alium
749 3769 869 3816 eiusdem
905 3766 1038 3816 formulae
1073 3781 1152 3818 usum

54 3837 160 3904 citatis,
179 3836 277 3900 quibus
295 3837 405 3901 quintus
422 3837 538 3885 addatur
556 3835 583 3899 5,
626 3850 739 3894 sumnus
763 3837 850 3900 magis
875 3837 1016 3898 vulgarem
1041 3849 1065 3887 o.
1089 3836 1152 3888 Cin.

55 3910 93 3959 27
113 3904 138 3965 S.
157 3902 190 3956 4:
211 3907 287 3970 quod
305 3921 362 3957 nori
379 3907 450 3958 odeo
469 3907 510 3956 sit
528 3905 583 3955 im·
626 3909 655 3975 1,
672 3904 705 3956 25
725 3909 750 3968 s.
771 3906 796 3956 1.

53 3977 173 4041 peritus
200 3980 321 4042 ierom,
351 3980 386 4027 ot
411 3979 471 4026 suis
495 3975 584 4038 copiis
680 3975 746 4036 cap.
762 3972 1153 4035 testimoniummeruit

51 4046 195 4110 poputum
219 4048 416 4097 Romanorum
447 4044 586 4109 superari
626 4045 751 4106 oppidum
784 4045 971 4103 Haeduorum]
1010 4045 1153 4093 diversum

52 4126 140 4178 posse
166 4114 300 4180 confidat.
343 4116 384 4167 De
407 4114 537 4165 militibus
557 4118 585 4165 et
627 4115 662 4163 ab
681 4125 724 4182 eo,
742 4116 813 4176 quod
827 4112 976 4173 Biturigum
992 4116 1110 4165 vocatur
1126 4125 1152 4166 o.

55 4186 173 4235 verbum
205 4185 314 4249 ereptis
347 4188 376 4237 et
401 4187 469 4237 ordo
491 4197 584 4235 rerum
628 4182 707 4245 tis.
726 4183 754 4249 1,
772 4183 873 4235 ubist.
893 4185 955 4235 adu.
975 4184 1083 4237 cribet
1102 4180 1152 4232 iot.

125 4269 164 4321 u.
362 4317 368 4330 ,
895 4251 942 4317 32
