2700 4726
382 273 871 387 nmmtmam'
1089 318 1157 391 m

57 498 143 585 quin
167 520 271 587 paene
286 499 531 585 circumvallati
554 507 657 588 atque
672 500 762 567 omni
778 501 870 568 exitu
886 506 921 567 et
935 500 1154 589 pabulatione

56 589 240 654 interclusi
263 588 476 655 riderentur:
501 587 543 656 ad
565 589 652 656 huno
675 588 890 655 muniendum
907 592 1016 657 iocum
1036 613 1151 661 omnes
1173 598 1196 665 ὅ

56 699 76 742 a
102 674 386 763 Vercingetorige
410 685 578 744 evocatos.
627 678 686 746 si.
716 677 790 744 Hac
811 679 1003 764 recognita
1027 678 1154 749 Caesar
1185 722 1194 741 ·

100 944 103 951 Ι
129 880 209 951 quin]
237 893 291 933 om.
317 882 397 934 Vrut.
424 884 457 938 A.
488 894 575 948 auum
599 882 682 947 Bong.
700 878 730 935 0.
756 894 857 951 quen„
882 879 980 936 deinde
995 885 1155 941 intercludi

91 952 282 1016 uidebuntur,
298 962 360 1003 unte
374 965 446 1004 corr.
461 954 507 1005 Dr.
520 955 554 1002 A.
568 964 626 1011 nco
638 952 767 1004 debitori
781 952 852 1018 puin
865 953 927 1018 „ita
937 955 1039 1019 legitur
1051 953 1080 1007 io
1092 971 1154 1010 meu

92 1018 194 1075 iibru“
220 1024 283 1073 Vre.
304 1024 413 1071 Emeud.
449 1024 524 1075 Idem
542 1021 642 1085 iegitur
659 1023 688 1071 in
705 1023 784 1073 incid.
802 1023 837 1072 A.
857 1021 907 1072 Gu.
926 1010 998 1075 ii'av.
1017 1022 1052 1077 A.
1069 1027 1152 1077 vinti.

89 1092 128 1143 A.
154 1094 183 1142 et
210 1091 238 1143 in
261 1103 349 1155 marg.
377 1092 433 1142 Pet.
468 1093 497 1140 Si
520 1104 579 1140 non
603 1091 732 1141 dubitari
756 1092 899 1142 verborum
918 1106 971 1146 acc
988 1094 1046 1146 ium
1062 1095 1153 1149 miter

89 1161 206 1213 sentire
230 1161 306 1224 ioco,
338 1169 386 1211 unt
408 1164 472 1211 ante
496 1172 530 1211 ea
553 1174 613 1210 uon
628 1160 764 1212 dubitare
779 1161 864 1224 (quod
879 1159 968 1225 ipsum
986 1164 1106 1215 Vrsinus
1123 1164 1152 1216 iu

89 1230 173 1283 Notis
199 1231 271 1291 apud
296 1231 523 1293 langermannum
541 1229 567 1278 in
586 1239 681 1279 vetere
701 1229 794 1281 codice
812 1232 876 1281 aute
895 1232 963 1296 puio
981 1233 1038 1297 legi
1055 1237 1150 1293 docet)

90 1298 225 1361 scriptum
241 1302 327 1362 esset,
348 1300 496 1349 variandae
512 1301 561 1351 aut
578 1299 784 1360 amplificandae
802 1297 934 1350 orationis
947 1312 1033 1353 cansa
1047 1303 1151 1354 iactum

90 1368 252 1437 videretur:
271 1371 320 1418 boc
338 1370 399 1418 ioco
417 1368 683 1430 interpretamentum
699 1370 733 1420 ad
755 1368 824 1433 quin
843 1370 1075 1439 coniunctionem,
1099 1385 1151 1422 cu-

90 1436 287 1489 ins·rationem
306 1451 359 1488 non
372 1439 444 1488 maie
462 1437 561 1503 reddit,
577 1439 743 1501 adscriptum
762 1441 790 1487 et
802 1440 878 1489 'maie
895 1439 924 1489 in
936 1440 1057 1491 ordinem
1069 1453 1150 1493 rece-

89 1514 169 1570 ptum
189 1506 275 1556 videri
293 1508 384 1558 debet.
1156 1548 1159 1555 .

128 1576 156 1646 §.
176 1574 193 1627 5
213 1577 315 1637 iocum]
337 1588 389 1627 om.
410 1610 429 1641 „
437 1576 516 1628 MSS.
535 1574 657 1638 plerique
665 1568 683 1603 “
700 1574 770 1626 nov.
789 1575 857 1626 Irbb.
877 1575 961 1638 Bcug·
979 1572 1014 1626 A.
1034 1575 1099 1626 Par·
1117 1578 1153 1628 A.

90 1644 168 1695 Gott.
183 1644 245 1695 Pet.
259 1647 344 1709 Bong.
365 1639 395 1694 C.
416 1646 463 1695 Dr.
477 1646 533 1693 Ab.
552 1645 630 1695 Vrat.
645 1643 724 1694 ΑΒΘ.
742 1644 823 1693 Goth.
839 1645 868 1692 ii.
887 1645 986 1695 iiamb.
1000 1644 1052 1696 tiu.
1069 1646 1152 1696 Viud.

90 1713 176 1767 cuit.
194 1715 255 1767 edd.
274 1724 337 1763 aute
358 1716 419 1763 Aid.
438 1717 519 1781 Turr.
536 1723 589 1763 nou
607 1714 812 1763 eoium‘contra
831 1713 961 1764 Caesaris
978 1709 1104 1779 genium,
1124 1717 1155 1767 ut

91 1782 236 1835 iudicabat
250 1784 329 1845 (iud,
347 1785 395 1832 sed
413 1795 444 1833 re
461 1785 522 1844 ipsa
539 1783 660 1831 vetante.
696 1779 782 1830 (iuliis
800 1783 869 1832 enim
888 1781 916 1831 iu
930 1785 1154 1835 antecedentibus

92 1853 188 1902 mutius
206 1853 247 1902 ita
265 1853 439 1919 significatus
456 1863 516 1915 est,
544 1853 575 1899 ut
591 1860 728 1912 tamquam
745 1850 814 1899 satis
830 1858 912 1901 nutus
929 1850 1029 1901 lecturi
1045 1851 1154 1917 simpli-

92 1922 168 1971 citer
186 1934 236 1983 per
252 1921 328 1971 bunc
346 1932 492 1983 pronomen
509 1917 689 1971 demonstrari
705 1917 838 1980 potuerit3
858 1918 912 1969 nisi
928 1918 1000 1968 forte
1018 1934 1108 1973 unam
1125 1925 1155 1973 et

93 1992 224 2041 alterum
248 1991 478 2052 interpretandum
502 1998 625 2051 putamus
650 1989 695 2041 ben
715 1985 784 2039 tiuttr
806 2013 842 2023 -
864 1989 909 2043 btb
928 1990 1021 2043 cubitu
1039 1994 1069 2040 et
1086 1994 1155 2043 duos

94 2064 200 2111 tautum
226 2062 315 2109 coiies
339 2060 441 2119 circum
468 2058 631 2121 Gergoviam
654 2056 742 2105 fuisse
761 2056 924 2117 statutorum
952 2060 1155 2112 tccttmautetu

91 2142 130 2177 ex
144 2128 254 2191 longius
272 2130 399 2191 remotis,
417 2139 471 2176 non
488 2141 523 2177 ex
542 2124 672 2187 proximis
690 2124 800 2189 cottam,
818 2126 856 2176 ad
871 2125 949 2177 bunc
964 2126 1086 2190 suppleri
1104 2140 1156 2180 vu-

92 2194 183 2248 iuisee
200 2198 361 2261 scriptorem
378 2196 440 2263 quis
460 2189 576 2248 credat?

55 2381 188 2435 transtri
223 2385 327 2449 potest.
363 2382 444 2433 cuius
476 2380 589 2446 generis
630 2374 838 2441 ioco,·t1uiiila
856 2376 1157 2443 inpertemuuieudus

57 2454 410 2516 exempiapiuraexstant.
429 2452 590 2515 Angustum
632 2449 718 2512 esset,
738 2448 766 2496 ct
785 2448 819 2497 de
833 2450 955 2501 coneilio
973 2451 1158 2517 Vercingeto-
1184 2493 1190 2511 ,

57 2522 231 2586 explicatum
249 2523 314 2571 vide
329 2523 366 2571 ad
381 2519 411 2587 t,
429 2523 463 2568 23
483 2520 510 2580 S.
529 2524 554 2570 3.
632 2515 702 2578 rigis
725 2516 815 2565 minus
840 2516 915 2568 inter
934 2532 984 2570 eos
1001 2524 1156 2574 cuttstobat.

115 2589 142 2653 s.
159 2589 177 2641 4
197 2589 524 2641 vehementer-timere
538 2599 590 2637 nec
632 2585 748 2633 Heinius
764 2588 793 2633 et
808 2589 933 2639 nonnulii
950 2591 1079 2641 atterunt
1096 2595 1158 2643 ccl-

57 2661 212 2712 iamptgr
223 2662 340 2725 geum,
353 2672 406 2710 urtu
415 2659 589 2707 atterm-
631 2656 685 2703 ieret
700 2654 735 2702 ad
749 2654 861 2704 dorsum
873 2658 1158 2713 referentesdcrsttm

58 2732 140 2791 tw]
158 2731 188 2781 1„
209 2734 260 2781 hac
279 2740 400 2794 causae,
418 2740 499 2790 quam
517 2727 590 2776 cae.
632 2723 750 2784 primum
767 2736 900 2776 summurn
917 2728 1026 2794 iugum,
1058 2730 1158 2780 deiude

59 2813 113 2851 sar
130 2802 326 2864 quaesiverat,
345 2797 518 2858 expositione
538 2806 590 2844 va·
632 2792 691 2855 iugi
709 2794 816 2854 basiem
834 2807 910 2860 Μ,
935 2809 989 2857 <1¹12
1006 2799 1159 2850 ⁶³S⁰⁰11³¹1³
1240 2846 1243 2853 -

59 2872 151 2921 rietus
180 2871 312 2933 quaedam
335 2868 463 2930 apparet.
496 2866 590 2914 'iimo-
632 2861 1158 2929 inpianitiemerat,signiticarecam-

59 2954 122 2991 rem
140 2942 214 2989 euim
232 2941 368 3001 perfugae
387 2937 436 2986 aiii
456 2939 528 2984 bunc
548 2933 590 2981 di·
634 2942 686 2992 que
713 2934 834 2995 partem,
868 2934 933 2996 quia
955 2936 1043 2986 cuiies
1069 2937 1098 2988 in
1124 2949 1160 2988 aa

60 3010 143 3061 xisse
156 3009 297 3073 videntur,
310 3020 345 3057 ne
359 3006 487 3069 oppidum
501 3004 591 3065 ipsum
634 3001 745 3064 essent,
778 3000 868 3062 ipsam
899 3005 998 3055 collem
1022 3006 1160 3058 nominari

60 3092 81 3131 a
97 3079 233 3130 Romanis
257 3081 340 3127 dorso
361 3075 456 3138 potitis
473 3085 591 3136 capere·
634 3072 740 3132 putant.
785 3070 836 3133 cui
867 3071 1094 3135 interpretationi
1122 3076 1160 3137 ud

61 3153 121 3214 tur,
139 3149 206 3214 aiii,
218 3160 254 3197 ne
272 3147 346 3198 omui
364 3138 441 3195 exitu
459 3148 488 3195 et
506 3144 591 3204 pabu.
636 3138 784 3188 lectionem
803 3139 872 3190 0ud.
894 3144 919 3190 2.
939 3142 1006 3193 binc
1023 3146 1161 3197 educstrc

62 3218 170 3270 latione
189 3216 456 3275 interciuderentur,
472 3214 501 3263 iti
520 3211 592 3275 quod
638 3210 667 3261 et
696 3211 849 3274 angustum
880 3214 1103 3267 accommodatae
1130 3215 1161 3265 in

62 3290 139 3339 cniie
162 3288 256 3350 aiiqno
280 3287 310 3336 in
327 3287 379 3336 iiia
396 3286 477 3347 parte
496 3295 515 3335 a
533 3284 592 3333 lio-
638 3278 715 3327 dorsi
739 3278 848 3327 nomine
865 3283 1032 3344 ambiguitas
1052 3283 1161 3336 oratiu-

62 3356 156 3409 mantn
173 3358 307 3417 occupato
321 3355 383 3406 tisri
394 3356 499 3415 posset.
534 3352 593 3401 Nec
638 3360 700 3398 uem
726 3347 876 3410 aenigmati
900 3350 1018 3400 similem
1045 3353 1162 3423 faciens,

62 3428 175 3490 mirum,
193 3424 219 3476 si
234 3439 291 3475 non
308 3437 403 3475 omues
421 3423 535 3474 eandem
550 3420 594 3471 rei
638 3418 668 3469 in
692 3418 762 3467 coiit
783 3430 849 3465 usus
871 3417 984 3484 linguae
1003 3423 1112 3489 obstet,
1144 3435 1164 3475 a

62 3499 119 3548 buc
150 3496 213 3557 ipsu
244 3499 368 3556 tempore
398 3494 445 3557 agi
477 3495 593 3552 coeptae
639 3494 692 3549 quc
729 3485 895 3547 scriptorem
930 3487 1096 3542 discessisse
1128 3503 1183 3547 eu.

62 3565 205 3617 rationem
224 3564 385 3626 reddebant,
403 3562 454 3611 sed
470 3561 500 3611 in
517 3558 595 3611 dorsi
639 3557 730 3606 minus
747 3556 881 3607 credibile
900 3561 960 3624 est,
984 3572 1037 3622 qun
1057 3561 1163 3611 certius

65 3636 177 3699 quidem
189 3644 291 3684 natura
301 3632 595 3693 descrioenuannrnes,
638 3639 699 3675 eum
726 3624 754 3674 in
779 3638 837 3675 ww
862 3630 935 3678 cvlle
953 3630 1050 3679 tenuit·
1085 3630 1164 3683 Nihil

65 3704 153 3756 eiiam
172 3705 218 3767 qui
235 3702 427 3765 superioribus
445 3700 540 3749 diebus
558 3699 596 3749 ad
637 3707 706 3745 veru
725 3696 832 3758 obstat,
858 3709 911 3759 quo
930 3699 1018 3747 minus
1036 3701 1164 3753 atteram

64 3764 219 3825 caesarem
237 3772 446 3836 perfugissent,
477 3780 595 3818 consen·
637 3766 852 3826 interpretemur
877 3766 946 3821 tincti
967 3768 1076 3835 putitiu.
1118 3770 1164 3821 ct.
1245 3816 1248 3821 .

66 3846 190 3908 ciebant,
216 3834 377 3893 munitionis
398 3845 490 3889 autem
508 3846 595 3887 causa
638 3835 698 3887 civ.
714 3835 740 3900 ¹2
759 3835 792 3884 ¹8
809 3834 834 3893 S·
849 3836 880 3885 ⁵²
900 3847 1022 3900 ‘imm
1034 3840 1166 3891 “dventu

69 3925 167 3965 omnes
186 3912 333 3962 Gallorum
357 3909 451 3972 copies
476 3908 505 3955 in
523 3907 597 3956 aite-
638 3906 768 3957 nitere
792 3907 893 3955 costra
912 3906 950 3955 ud
967 3909 1094 3973 citeropt
1113 3922 1166 3974 op-

67 3994 129 4033 ram
141 3983 238 4045 oppidi
249 3979 597 4045 partemtraductaseam-
636 3975 699 4039 pidi
715 3975 833 4036 partem
845 3974 937 4038 punit,
970 3978 1051 4027 Aiex.
1069 3978 1112 4043 11,
1131 3974 1165 4026 42

68 4064 122 4115 que
139 4054 175 4103 ob
191 4065 253 4102 rem
266 4052 365 4101 coliem
382 4050 513 4099 nudatum
533 4058 598 4095 ense
639 4045 684 4095 e'ta
700 4043 845 4105 diffluum
866 4048 1104 4097 “cundss'tt'mtlm
1121 4047 1167 4097 0⁸⁸
1184 4066 1200 4109 ¹.

67 4122 135 4171 item
154 4134 296 4173 consensu
317 4120 364 4183 it,
387 4117 435 4181 qui
451 4114 599 4168 novissimi
640 4115 763 4181 facturn.
800 4112 890 4176 Capto
909 4115 954 4163 cst
970 4129 1030 4168 aaa
1044 4116 1169 4167 bostium

67 4194 218 4259 ungunt,
230 4190 401 4254 repostum,
413 4188 518 4253 (teipso
529 4194 598 4241 vero
613 4199 617 4211 ·
640 4180 853 4250 quadriremis,
870 4182 1011 4249 depresso
1026 4186 1170 4253 (depren-

136 4278 176 4330 11.
