2700 4726
405 275 512 348 tls.
536 274 618 348 vii.
664 272 784 350 GAP.
806 280 852 348 36
1101 278 1168 347 tte

77 462 260 533 convenire
283 461 438 544 iubebat,
466 486 527 532 seu
549 463 632 553 quid
653 464 981 546 communicandum,
1002 486 1063 531 seu
1085 462 1168 550 qnid

76 550 384 619 administrandum
407 549 592 634 videretur,
612 575 719 639 neque
742 556 848 619 ullum
868 555 939 619 fore
957 553 1044 619 diem
1060 553 1167 617 iuter·
1189 552 1210 615 4

76 640 260 724 mittebat,
294 639 376 726 quin
403 642 555 726 equestri
584 643 714 728 proelio
747 641 933 708 interiectis
965 640 1168 728 sagittariis,

77 726 163 815 quid
184 729 222 793 in
244 748 378 817 quoque
400 735 492 794 esset
514 727 617 794 animi
639 750 678 794 ac
700 729 837 796 virtutis
859 751 1008 808 suorum,
1032 728 1169 816 pericli·

76 823 225 885 taretnr.
270 814 356 881 Erat
383 836 402 880 o
432 816 570 901 regione
592 815 710 907 oppidi
734 816 832 884 collis
853 818 918 883 sub
938 817 1025 904 ipsis
1045 813 1168 882 raiiici·
1190 816 1212 881 5

149 1003 301 1057 convenire
325 1003 451 1064 iubebat]
478 1006 581 1059 uenire
604 1005 625 1058 i.
651 1007 757 1074 „MSS
781 1001 828 1057 4“
853 1007 925 1059 Gott.
952 1006 1038 1070 Bong.
1058 1003 1089 1056 (i.
1115 1005 1167 1057 tiu.

115 1067 195 1126 vrst.
215 1074 245 1122 Β.
267 1072 323 1124 inc.
341 1066 644 1142 ἴέναι-παρήγγελλεν
661 1079 726 1126 Met.
743 1076 764 1126 ι’.
782 1088 807 1126 c.
827 1075 878 1139 Ox.
896 1074 973 1128 [reid.
990 1076 1025 1123 A.
1044 1076 1116 1129 flav.
1133 1078 1168 1127 A.

112 1142 200 1194 Vini.
217 1147 254 1193 Δ.
276 1143 345 1193 0ud.
378 1142 422 1196 ci.
439 1141 472 1211 4,
493 1145 526 1195 at
545 1146 572 1207 s.
585 1141 622 1195 4:
651 1144 708 1195 buc
726 1158 822 1195 omnes
839 1145 965 1210 undique
983 1156 1022 1194 ec
1039 1143 1170 1208 finitimis
1220 1158 1226 1171 ¹

111 1212 326 1278 reptooibueet
342 1223 427 1277 mam
443 1213 597 1279 superiore
613 1216 727 1266 aestate
744 1215 783 1266 uti
800 1216 964 1264 Veneticum
980 1213 1082 1263 betium
1099 1213 1170 1279 effe-

110 1283 199 1333 cerat
214 1284 335 1333 classem
352 1280 429 1334 iubet
445 1285 610 1336 conuenire.
640 1286 675 1348 b,
694 1280 713 1332 4
731 1283 758 1345 s.
780 1285 812 1334 1:
830 1283 945 1349 coquito
963 1282 1025 1333 eius
1041 1283 1171 1334 occentu
1208 1344 1212 1349 Ι
1243 1342 1245 1347 ,

114 1353 212 1416 Acca,
230 1351 281 1415 qui
296 1349 434 1416 princeps
449 1351 511 1405 eius
528 1351 641 1404 cmsilit
659 1354 780 1418 poterat,
803 1353 880 1404 iubet
898 1353 929 1402 iu
946 1351 1052 1415 oppido
1068 1351 1171 1403 mutti-

112 1420 248 1473 moenem
270 1420 435 1473 conuenire.
469 1425 500 1488 i,
520 1423 539 1474 7
556 1422 582 1482 S.
602 1423 634 1470 2:
663 1425 795 1487 pontem,
826 1422 875 1487 qui
891 1424 959 1473 crat
974 1420 1013 1471 ab
1031 1419 1169 1485 Genuam,

112 1490 195 1541 iubet
216 1489 353 1540 rescindi.
394 1491 450 1541 Seri
472 1490 628 1553 imperfecti
653 1493 710 1542 elia
734 1502 821 1553 eaque
845 1491 933 1555 tnagis
958 1491 994 1540 ati
1012 1489 1171 1552 graviorem

112 1559 176 1611 etus
194 1560 326 1620 temporis
344 1557 572 1622 significationem
589 1561 793 1611 accommodato
810 1560 955 1611 coilocatio
973 1567 1016 1608 est
1033 1557 1070 1624 4,
1088 1563 1120 1609 31
1141 1558 1169 1625 s.

112 1631 148 1679 22
164 1641 234 1679 uam
252 1630 281 1679 et
298 1630 694 1696 frumentum-conferebat
713 1632 743 1680 et
763 1641 836 1693 qaue
853 1628 1026 1695 pravissime
1036 1629 1171 1694 adflictae

112 1698 205 1751 eram
222 1710 321 1764 uoces,
340 1710 443 1749 eorum
461 1699 587 1750 materia
605 1701 694 1762 cipue
712 1710 781 1750 aere
800 1694 840 1750 aci
856 1700 984 1761 retiquae
997 1697 1172 1762 reficiendas

112 1766 257 1819 utebatur
274 1769 305 1819 et
324 1780 398 1833 quae
413 1768 453 1819 aa
469 1780 520 1819 eos
537 1780 586 1820 res
604 1771 691 1819 eraut
708 1767 784 1833 miti,
802 1781 840 1818 ec
859 1767 1019 1819 continenti
1037 1779 1172 1832 caniper-

113 1835 181 1889 tari
196 1834 316 1888 iubebat·
331 1839 359 1899 7,
375 1838 413 1888 67
429 1836 457 1896 S.
475 1833 509 1888 4:
525 1835 553 1887 si
570 1849 627 1902 quo
644 1837 676 1887 in
691 1840 781 1900 porte
798 1837 894 1888 nostri
904 1837 1171 1889 laborare-viae-

115 1906 244 1973 batttur,
273 1918 306 1956 eo
335 1906 419 1971 sipua
442 1906 555 1973 inferri
580 1907 687 1958 Caesar
717 1907 864 1969 aciemque
886 1905 1028 1956 constitui
1051 1907 1172 1959 iubebat.

113 1975 245 2026 Ceterum
262 1973 393 2040 ordinem,
411 1975 457 2037 qui
474 1974 577 2036 placuit
593 1975 793 2038 Oudendorpio,
808 1979 837 2024 et
851 1975 939 2024 minus
951 1976 1094 2038 vulgarem
1109 1987 1173 2025 esee

114 2051 147 2096 et
164 2055 260 2093 veram
277 2043 423 2094 verborum
436 2043 535 2108 prima
552 2046 617 2094 tuce
634 2043 752 2106 cotidie,
771 2044 805 2092 de
822 2055 877 2106 qua
895 2045 976 2104 paulo
992 2046 1056 2092 ante
1073 2042 1174 2110 monui,

115 2112 347 2164 constructionem
365 2113 453 2176 magis
470 2112 603 2165 adiuvare
616 2113 754 2163 intentum
769 2124 857 2172 neque
870 2111 938 2162 iilub
950 2112 1174 2164 dissimulantium

116 2186 171 2247 est,
193 2194 247 2232 nou
268 2183 348 2243 plene
367 2183 479 2231 eandem
492 2181 643 2243 imperfecti
657 2181 766 2233 iubebat
778 2184 860 2244 atque
874 2180 1038 2244 reliquorum
1050 2183 1175 2246 duorum,

116 2250 274 2319 praebebat
296 2254 324 2300 et
347 2234 576 2314 intermittebat,
610 2263 675 2300 esse
695 2251 770 2317 vim,
803 2249 901 2312 quippe
918 2261 970 2313 quo
987 2260 1040 2299 non
1058 2249 1175 2302 actionis

116 2320 225 2386 ipsius,
245 2320 293 2368 sed
311 2319 371 2369 eius
387 2321 502 2370 effectus
522 2321 655 2370 iudicetur
672 2319 851 2379 continuatio,
877 2320 958 2380 atque
975 2319 1045 2367 banc
1062 2330 1176 2371 causant

118 2402 185 2441 esse
202 2389 324 2452 potuisse
342 2388 489 2455 scriptori,
518 2403 567 2439 cur
582 2388 611 2439 id
632 2390 712 2450 paulo
730 2388 812 2439 aliter
830 2388 1016 2438 collocantium
1035 2389 1176 2453 artiusqus

119 2458 338 2523 coniungentium
355 2470 417 2506 cum
432 2459 518 2508 verbo
535 2458 660 2508 effectum
677 2459 835 2507 declarante
853 2458 968 2518 putaret.

156 2530 186 2592 S.
203 2524 222 2576 4
239 2526 453 2588 periclitaretur]
478 2528 548 2577 And.
566 2527 616 2577 01.
634 2527 681 2577 Cu.
705 2529 734 2576 S·
750 2528 822 2576 Har.
843 2529 875 2575 A.
896 2527 977 2575 vind·
995 2528 1029 2577 A.
1048 2525 1127 2592 (Par.
1146 2531 1177 2594 li.

121 2591 283 2661 Aciraintr.)
307 2596 379 2644 Dok.
404 2597 489 2647 Dorv.
513 2597 596 2646 Vrat.
614 2595 643 2646 0.
671 2597 751 2649 Goth.
770 2596 799 2646 B.
826 2596 886 2645 edd.
905 2598 1015 2656 praeter
1032 2595 1087 2648 inc.
1107 2612 1178 2660 quae

121 2680 184 2716 cum
206 2666 284 2716 Leid.
305 2664 335 2714 0.
361 2665 419 2715 ort.
444 2666 492 2716 Dr.
511 2665 542 2715 B.
570 2665 623 2715 (iu.
648 2672 676 2714 et
698 2678 735 2714 m.
760 2677 800 2726 pr.
820 2663 895 2715 Gott.
915 2667 982 2716 Wh.
1001 2668 1029 2716 et
1048 2668 1129 2719 Vrat.
1147 2672 1179 2720 B.

120 2737 207 2787 babet
220 2733 427 2799 perficeretur.
463 2735 496 2784 ln
512 2735 594 2784 Vrat.
612 2736 648 2784 A.
665 2736 708 2784 est
722 2732 958 2796 prospiceretur,
976 2736 1004 2784 iu
1021 2735 1101 2787 carr.
1118 2741 1180 2790 cod.

122 2806 204 2856 ii'urr.
223 2806 283 2854 cub.
297 2805 392 2866 steph.
409 2805 493 2853 Voss.
506 2802 538 2850 B.
555 2803 650 2854 Heme·
667 2803 750 2853 Viud.
765 2801 820 2851 cii.
836 2802 1028 2870 perspiceret,
1045 2807 1074 2855 iu
1087 2808 1180 2872 „reii-

123 2870 213 2936 quis“
236 2875 296 2924 Pet.
321 2872 393 2922 Gott.
416 2869 449 2934 (a
473 2884 508 2920 ιι.
528 2884 587 2921 sec.
610 2872 683 2921 teste
698 2869 832 2932 Whittio)
857 2872 941 2921 Voss.
960 2871 994 2925 A.
1013 2876 1089 2937 Egm.
1107 2878 1179 2928 [tor.

122 2944 188 2994 Par.
205 2944 240 2992 A.
259 2948 288 2989 et
303 2940 375 2990 inter
393 2940 493 2991 versus
510 2940 539 2988 B.
558 2942 606 2992 Dr.
630 2941 662 2989 Α.
685 2940 768 2991 Vind.
785 2941 815 2989 Β.
832 2939 1069 3007 perspiceretur,
1093 2946 1180 3011 Bong.

124 3010 162 3064 Α.
185 3012 227 3061 ΡΙ.
254 3009 449 3073 pspiceretur.
491 3011 595 3059 Horum
619 3010 782 3070 postremum
806 3010 910 3070 recepit
935 3011 1095 3080 Diibuerus,
1125 3027 1180 3065 uon

125 3080 350 3132 animadvertens
380 3077 493 3142 passivo
516 3086 543 3127 et
566 3079 730 3129 antecedens
753 3078 872 3128 activum
902 3076 1117 3133 intermittebat
1149 3092 1178 3132 et

126 3149 245 3202 maxime
262 3159 407 3209 pronomen
424 3149 533 3199 obstare
550 3159 687 3203 suorum5
704 3145 884 3207 Nipperieius
901 3150 1081 3210 perspiceret
1098 3152 1182 3219 dedit,

126 3222 198 3284 quon
222 3218 330 3268 scilicet
353 3217 514 3279 optimorum
539 3218 670 3267 librorum
695 3215 849 3277 scripturae
875 3217 990 3267 similius
1011 3227 1069 3285 est,
1101 3234 1182 3283 quarn

128 3290 288 3353 vulgatum,
312 3289 361 3335 sed
381 3286 607 3350 significationem
624 3291 718 3334 certae
736 3285 909 3357 cognitionis,
932 3286 957 3334 si
974 3289 1135 3353 semipsum
1154 3294 1183 3339 et

128 3357 266 3421 equestris
285 3356 382 3418 proelii
398 3358 473 3421 vim,
497 3368 568 3419 qnae
587 3366 652 3405 esse
670 3354 803 3416 potuerit,
827 3355 1004 3423 respicimus,
1030 3370 1047 3407 a
1064 3359 1184 3409 veritate

127 3428 336 3493 abhorrentem,
360 3426 386 3474 si
403 3427 572 3477 voluntatem
590 3422 827 3484 Vercingetorigis
845 3423 1028 3485 demonstrari
1047 3436 1183 3493 putamus,

128 3504 364 3558 supervacaneam
380 3496 470 3546 babet.
503 3495 654 3560 vulgatum
671 3491 841 3555 aptissimum
859 3502 902 3542 cst
913 3495 942 3542 et
954 3496 1087 3560 exemplis
1101 3495 1185 3547 tutis·

144 3667 174 3731 s.
207 3664 226 3718 4
262 3666 418 3718 interiectis
435 3667 620 3732 sagittariis]
662 3664 772 3729 signum
803 3665 991 3727 apposuisset.
1037 3665 1108 3715 Dum
1140 3675 1187 3732 ea,

94 3738 140 3791 Cf.
159 3749 184 3787 c.
203 3738 238 3790 at
258 3738 285 3800 S.
303 3735 332 3806 4,
351 3750 404 3799 quo
424 3737 485 3788 ioco
499 3739 621 3788 Vercin-
664 3746 734 3799 quae
749 3734 774 3792 S.
790 3733 874 3784 2-4
885 3736 977 3785 relata
991 3737 1065 3799 sunt,
1081 3735 1188 3805 aver-

94 3806 252 3873 getorigem
269 3809 432 3873 sagittarios
454 3808 490 3857 ad
505 3820 536 3856 se
549 3807 623 3858 mitti
663 3804 835 3868 cingetorige
850 3804 953 3855 fiebunt
971 3807 1000 3855 et
1009 3806 1188 3869 gerebantur,

94 3876 217 3929 iussisse
239 3879 371 3928 traditum
396 3879 448 3927 est.
489 3878 547 3926 Hos
567 3877 622 3928 iam
665 3875 771 3925 Caesar
794 3874 980 3935 expediendae
1002 3874 1046 3923 rei
1060 3875 1188 3923 trumen-

95 3949 133 3999 ai
151 3960 216 3999 eum
233 3948 400 3999 convenisse
419 3946 553 3997 ridemus.
664 3943 756 3994 tariae
780 3944 903 3994 intentus
927 3944 961 3993 de
984 3943 1190 4007 expugnatione

665 4015 799 4077 agendum
817 4015 1019 4077 nonputabat:
1038 4012 1189 4076 nuncius,

146 4086 174 4149 s.
193 4085 211 4138 5
229 4087 313 4148 Erat]
334 4086 396 4136 Nun
412 4091 538 4136 errasset
554 4081 621 4133 lun·
665 4086 696 4133 ut
712 4082 840 4147 videtur,
870 4083 1001 4148 expedite
1018 4085 1139 4136 animum
1153 4081 1190 4132 ati

95 4170 283 4225 germanitus,
310 4154 336 4207 si
354 4158 380 4207 n.
400 4156 421 4208 1.
437 4153 504 4208 novi
521 4151 622 4217 capitis
666 4154 736 4204 nano
754 4152 858 4204 adiicit.
