2700 4726
151 311 221 378 3711
410 246 482 376 nli
509 305 690 376 BELLO
722 305 979 379 nalulco

151 495 233 562 tiam
257 497 469 585 receptacula
490 518 554 563 neu
572 495 735 565 Romanis
748 494 925 588 proposita
946 493 988 563 ad
1002 496 1134 585 copiam
1149 514 1246 583 eom]-

108 583 130 647 9
144 590 284 651 meatus
297 576 524 673 praedamque
539 584 739 655 tollendam.
783 583 878 652 Haec
894 586 925 651 si
940 586 1055 671 gravia
1072 592 1132 651 aut
1148 607 1245 652 acer-

186 776 329 839 mnndum,
348 777 396 827 sed
414 775 478 839 qnia
497 775 631 828 obsecrat
646 776 748 827 nullan
762 773 933 839 negationem
946 777 1036 841 nubet,
1054 777 1090 826 ad
1103 746 1243 838 preterini

184 858 242 897 nen
257 846 430 896 referendum
449 847 489 896 ita
508 855 561 911 est,
580 843 650 895 utin
668 857 745 895 mera
758 845 913 911 negatione,
931 844 976 894 cni
990 845 1140 898 voluntatis
1152 846 1243 910 signi·

185 913 277 965 dicatio
295 927 348 964 non
366 915 485 966 admixta
502 915 548 979 sit,
569 916 604 965 ad
623 915 792 977 subsequens
809 926 900 978 necne
919 916 1086 977 praecedens
1106 915 1178 965 idern
1192 929 1243 965 re·

185 985 286 1059 fertur,
322 978 366 1034 Cf.
385 982 604 1045 Serrecnelipist.
622 983 640 1034 7
659 982 684 1042 S.
704 984 913 1049 neutrumque
931 987 1029 1034 antem
1048 983 1242 1036 devitandam

132 1077 139 1103 l
185 1056 241 1119 est,
257 1053 330 1103 neae
347 1053 449 1104 cimicis
466 1053 551 1104 matie
569 1049 632 1116 tiae,
652 1053 719 1116 qnia
736 1053 821 1102 matti
836 1054 915 1113 eunt,
930 1065 1002 1104 nene
1016 1052 1147 1104 inimicae
1163 1056 1240 1105 mat

184 1125 232 1188 tto,
250 1123 318 1188 anto
335 1123 488 1174 dtteinritce
505 1123 582 1172 cant.
602 1120 647 1182 qni
658 1122 736 1171 locos
750 1120 830 1170 etiam
846 1121 960 1173 similior
976 1121 1036 1172 huic
1050 1130 1093 1171 est
1107 1134 1151 1189 eo,
1168 1125 1242 1186 quod

181 1207 219 1246 ne
236 1193 399 1262 cautionem,
416 1206 469 1243 non
486 1191 702 1251 deprecationem
721 1189 875 1253 significan
894 1202 1055 1254 quamquam
1074 1204 1168 1243 sermo
1181 1193 1241 1245 La-

181 1264 257 1314 tinas
274 1274 328 1312 non
345 1261 394 1325 ita,
412 1268 442 1310 ut
459 1268 561 1325 noster,
579 1258 747 1322 distinguere
762 1261 830 1310 naec
843 1261 925 1313 solet.
959 1261 1023 1312 Alia
1035 1264 1162 1325 exempla
1173 1273 1241 1314 can·

145 1352 148 1357 ·
182 1333 245 1383 tuln
262 1330 386 1380 Handios
403 1329 520 1379 Turseli.
540 1325 567 1391 t,
586 1328 647 1380 175.

215 1399 432 1456 detrectandam]
468 1399 553 1460 linng.
576 1397 609 1444 A.
634 1394 676 1445 el.
701 1395 774 1448 llav.
798 1396 832 1452 A,
852 1395 934 1455 Vrnt.
952 1396 981 1448 ll.
1002 1395 1082 1450 (ioth.
1099 1398 1129 1450 ll.
1148 1400 1188 1448 St.
1209 1402 1240 1451 et

181 1483 239 1533 sqq.
258 1480 342 1530 nsque
366 1470 402 1516 ed
420 1467 488 1516 0ud.
511 1465 557 1529 qui
580 1465 804 1525 detractandam
822 1465 936 1529 scripsit
958 1466 988 1516 in
1005 1467 1112 1533 „MSS0
1129 1464 1173 1522 9“
1192 1465 1240 1520 in·

181 1540 300 1588 ventum.
344 1537 420 1585 idern
445 1535 545 1598 legitur
569 1532 596 1583 in
624 1534 697 1584 nott.
714 1534 790 1598 ligni.
808 1536 887 1592 (Par.
906 1532 956 1601 A.)
974 1537 1021 1585 Dr.
1038 1538 1060 1584 B
1079 1543 1107 1585 et
1123 1548 1141 1588 a
1159 1550 1195 1586 m.
1213 1551 1239 1591 s.

180 1610 214 1657 A.
232 1604 384 1656 Vratunc.
401 1605 482 1655 vind.
497 1603 553 1656 AF.
565 1602 636 1654 Ven.
655 1604 741 1653 benet.
759 1610 788 1654 et
801 1616 859 1668 sqq.
877 1616 964 1667 usque
981 1605 1016 1654 od
1029 1605 1120 1667 steph.
1134 1604 1240 1659 detra-

180 1675 319 1727 ctandam
336 1676 406 1724 tiled.
425 1686 451 1724 a.
467 1672 690 1724 detrectandam
708 1674 785 1723 Rom.
801 1684 828 1723 a.
845 1674 907 1724 Ber.
924 1674 1182 1741 contrectandam,
1207 1679 1239 1728 ut

96 1792 99 1799 ,
181 1745 301 1806 videtur,
320 1745 367 1793 Dr.
383 1747 408 1792 A
433 1754 503 1793 ani.
524 1756 566 1805 pr.
585 1743 790 1793 detretandam
808 1743 906 1796 flami.
922 1744 1132 1795 decretandam
1149 1744 1238 1797 voss.

178 1818 213 1866 A.
234 1813 436 1864 detestandam
460 1811 540 1861 vind.
566 1812 598 1861 Ε.
623 1811 724 1861 Forma
740 1813 775 1861 ab
794 1811 862 1862 0od.
880 1821 993 1875 recepta
1011 1813 1077 1863 alibi
1096 1812 1238 1878 maiorem,

178 1894 258 1946 quarn
276 1884 301 1931 1ι.
322 1883 352 1948 1.,
372 1882 563 1932 auctoritatem
582 1882 679 1947 habet,
698 1882 775 1931 velut
791 1880 917 1932 Frontini
932 1883 1053 1945 strong.
1072 1885 1104 1947 1,
1137 1883 1152 1932 1
1171 1885 1237 1946 Μ

178 1961 207 2002 et
227 1950 332 2001 Aurelii
353 1950 426 2000 Viot.
446 1951 485 1999 lie
505 1950 574 1999 vlrir
593 1950 633 2000 ill.
651 1962 676 2003 c.
694 1952 728 1998 62
746 1953 775 1999 et
793 1951 822 2001 in
839 1951 977 2001 nonnuliis
995 1963 1088 2001 eoram
1100 1954 1235 2019 locorum,

135 2044 138 2049 »
176 2032 244 2086 qnos
264 2020 331 2073 oud.
350 2021 379 2069 et
396 2017 565 2070 Arataenins
579 2017 607 2067 in
623 2017 687 2069 adn.
704 2019 739 2068 ad
755 2018 915 2071 Frontinum
933 2020 962 2069 et
978 2020 1118 2070 Aureliam
1135 2025 1235 2072 contu-

175 2091 269 2141 lerunt
292 2103 326 2138 ex
349 2088 414 2138 eliis
438 2088 636 2155 scriptoribus,
667 2085 740 2138 inter
764 2098 832 2153 qaas
852 2093 943 2137 aetate
960 2089 1098 2150 proximos
1117 2088 1234 2141 caesari

176 2158 315 2210 Salustius
340 2161 399 2222 est,
428 2157 505 2208 euius
529 2159 589 2216 lue.
604 2168 629 2205 c.
648 2155 694 2206 53.
710 2158 780 2219 extr.
799 2155 849 2209 olii
866 2158 1036 2209 detractant
1052 2155 1166 2226 (bonos)
1183 2159 1234 2212 elii

175 2229 344 2281 detrectant
362 2230 462 2290 legant.
487 2227 539 2277 ,lix
556 2225 688 2276 Cicerone
705 2226 810 2277 nullum
828 2228 981 2290 exemplum
998 2227 1127 2293 affertur,
1144 2242 1233 2294 neque

176 2300 248 2361 apud
267 2296 413 2347 Caesarem
431 2297 546 2346 alterum
565 2296 666 2344 exstat.

209 2364 236 2426 s.
253 2367 270 2413 9
288 2364 415 2426 gravius]
433 2365 576 2429 praviora
593 2364 680 2415 vaso.
697 2361 738 2410 st.
757 2360 807 2413 Gr.
826 2362 853 2413 b.
872 2352 992 2429 (Frell.)

208 2433 356 2484 aestimare
372 2435 483 2493 dehere]
503 2435 604 2484 tiorum
621 2430 757 2492 posterius
777 2439 869 2483 exstat
888 2433 918 2482 in
935 2467 954 2498 „
963 2434 1023 2483 Pet.
1037 2427 1086 2485 Cn.
1103 2434 1180 2489 Leid.
1194 2438 1228 2488 A.

174 2503 244 2552 And.
265 2502 316 2555 01.
334 2503 361 2551 S·
379 2500 438 2552 ai.“
456 2502 518 2557 Par.
537 2503 567 2550 ii.
586 2501 659 2550 lieu.
679 2501 713 2549 A.
731 2497 814 2549 vind.
832 2503 866 2550 A.
882 2503 945 2551 Ald.
964 2515 1021 2566 sqq.
1039 2503 1170 2554 omissum
1185 2514 1230 2557 cst

172 2571 201 2622 in
219 2573 331 2635 „llongn
350 2567 383 2617 Α.
401 2572 487 2622 Voss·
506 2569 583 2622 ABG.
601 2571 670 2618 Lot.
686 2571 763 2633 Egra.
777 2570 870 2622 lirant.
889 2571 905 2620 5
923 2569 982 2621 ai.‘⁴
1000 2573 1081 2622 Voss.
1095 2577 1129 2622 A.
1148 2576 1232 2638 Egna-

173 2641 248 2692 Gott.
267 2640 336 2689 Lbb.
359 2638 442 2691 Febr.
462 2640 543 2703 Bong.
562 2640 595 2687 A.
615 2638 657 2689 Pl.
674 2638 737 2689 Par.
754 2639 788 2688 A.
807 2640 855 2690 Dr.
872 2640 929 2689 An.
948 2640 1029 2692 vra.
1046 2641 1125 2693 Aac.
1146 2644 1229 2695 Goth.

172 2711 202 2761 B.
220 2710 316 2759 flami.
342 2708 396 2759 Gn.
422 2708 502 2758 vind.
527 2705 596 2760 lilii,
621 2709 682 2756 edd.
710 2716 774 2757 ante
798 2708 860 2761 Ald.
895 2709 1168 2777 praetermeantis,
1198 2713 1228 2764 iu

171 2780 269 2842 nulibus
287 2785 377 2830 exstat
391 2778 510 2844 dedere,
527 2779 590 2829 Par.
609 2778 639 2825 Β.
652 2778 725 2826 flav.
745 2779 779 2827 A.
798 2778 923 2830 VindA.
941 2780 1002 2830 Alo.
1021 2781 1066 2850 ab,
1085 2781 1134 2831 Gr.
1155 2795 1181 2832 a·
1197 2782 1229 2834 P.

171 2851 246 2903 Man.
273 2849 352 2898 Turr.
377 2850 429 2899 etc.
455 2855 518 2896 ante
544 2848 612 2903 oud.
636 2847 804 2912 aestimari,
832 2842 915 2899 Vasa.
938 2851 978 2899 st.
998 2849 1046 2899 Gr.
1065 2850 1091 2900 b.
1111 2849 1229 2917 (lircil.)

171 2917 356 2979 entettmcri,
387 2929 422 2966 ex
443 2915 557 2978 reliquis
580 2918 650 2968 Lot.
674 2917 750 2966 Leid.
770 2915 800 2967 c.
819 2917 900 2970 Vrat.
920 2918 949 2969 li.
967 2918 1062 2969 iiamb.
1080 2920 1164 2972 Vini.
1181 2920 1231 2973 cl.

171 2987 226 3038 inc.
252 2989 322 3040 Ven.
348 2986 368 3037 i.
395 2985 585 3053 eniotinmre,
614 2986 673 3037 Pet.
690 2987 773 3039 Faltr.
793 2988 822 3037 et
842 2981 928 3037 Canii.
946 2987 1031 3052 daug.
1050 2987 1080 3038 c.
1099 2989 1160 3041 Pal.
1178 2991 1229 3044 Dr.

184 3156 212 3219 S.
236 3158 255 3209 8
279 3157 469 3221 receptacula]
495 3156 527 3206 in
550 3154 656 3220 oppidis
699 3158 770 3209 inter
785 3159 872 3210 boves
890 3164 1028 3220 repertum
1042 3158 1131 3209 occidi
1144 3158 1229 3214 iussit

132 3225 204 3279 enim
236 3227 348 3277 facilius
382 3226 580 3277 delitescebant
610 3227 657 3291 qui
698 3222 836 3293 dominns)
864 3239 915 3290 quo
941 3241 1008 3277 usur
1028 3229 1071 3278 est
1089 3231 1228 3282 adversus

130 3295 255 3347 militiam
273 3298 475 3360 detrectarent,
499 3308 566 3357 quos
584 3298 656 3345 mul·
698 3297 895 3348 Hotomannunr
912 3297 1070 3348 tollendam
1086 3301 1229 3354 abundare

129 3364 357 3418 euertissent
383 3364 410 3424 S.
436 3367 450 3414 1
474 3364 656 3427 significatum
697 3374 836 3428 putantem
861 3366 929 3418 Oud.
954 3368 1111 3428 Respondet
1128 3373 1228 3423 nostro

131 3444 185 3499 ert,
202 3446 288 3497 eoque
304 3447 340 3482 ex
353 3430 438 3500 agris,
457 3433 485 3483 in
500 3435 598 3497 quinne
612 3435 655 3484 di·
699 3433 814 3503 trieben,
841 3434 914 3496 quod
935 3436 1027 3497 posuit
1044 3436 1072 3485 in
1087 3434 1227 3501 interpre-

129 3506 219 3555 leotus
237 3504 403 3568 habebatur,
431 3513 462 3552 re
479 3502 654 3566 recipiebant.
697 3503 799 3555 tatione
812 3503 1094 3570 AdoiphnsWagncr,
1110 3510 1225 3577 rectius,

128 3573 234 3624 Manita
251 3576 340 3625 autem
355 3571 454 3639 oppida
467 3586 553 3637 neque
569 3572 655 3623 facile
697 3583 777 3634 quiam
794 3572 1052 3639 Franciscas·(nod)
1065 3575 1110 3641 aad
1129 3575 1160 3641 lie
1177 3580 1225 3635 ten

129 3642 199 3693 adiri
217 3654 305 3705 neque
330 3641 445 3706 relinqui
464 3655 481 3692 a
499 3646 654 3691 detrectau·
697 3642 808 3697 didmtttt
829 3643 987 3714 delegerint
1004 3643 1133 3711 inoliter,
1160 3648 1226 3702 nto

129 3712 203 3760 titos
221 3718 363 3775 poterant,
391 3711 456 3773 quin
473 3711 509 3760 ab
526 3711 578 3775 iis,
608 3711 653 3777 qul
695 3711 777 3780 gotiae
806 3716 936 3781 anguinat
962 3715 1018 3767 oter
1045 3714 1082 3768 tie
1099 3715 1225 3782 gemente

128 3780 168 3830 ibi
184 3780 322 3841 praesidio
342 3783 453 3846 essent,
476 3781 653 3830 animadver·
694 3782 780 3836 alente
798 3793 828 3848 aa
848 3779 1003 3850 normanna)
1020 3791 1048 3830 et
1060 3783 1234 3837 Baumstnr-·

129 3855 250 3899 terentur
268 3854 296 3898 et
312 3850 583 3910 deprehenderentur.
693 3849 758 3913 iiius
785 3847 847 3916 (auf
873 3851 909 3906 bit
936 3851 1021 3906 erite
1034 3850 1151 3920 inopen)
1176 3853 1224 3918 qul

180 3916 340 3977 tollendam]
359 3917 401 3968 ci.
420 3921 447 3984 ti,
468 3915 652 3983 1795110-
694 3914 881 3983 receptaculi
908 3922 990 3970 etiarn
1016 3923 1069 3972 huc
1094 3924 1223 3976 videntur

128 3984 188 4037 sita
204 3986 317 4037 toliere.
336 3984 398 4040 civ.
412 3988 439 4053 a,
458 3986 511 4039 103,
527 3989 553 4056 §.
570 3986 585 4036 1
601 3999 653 4051 pe·
694 3988 843 4045 rettulisse.
878 3989 930 4038 sal
948 4001 997 4051 pro
1015 4002 1049 4040 eo
1066 3994 1222 4057 proposita

128 4055 216 4108 cnnin
237 4057 384 4107 societatis
405 4054 528 4107 radiata.
563 4059 653 4106 Pnae-
693 4057 932 4126 dieuntnroppida,
945 4058 1221 4130 quaninvmmenta,

128 4127 170 4178 dri
188 4125 256 4177 l'nb.
274 4129 307 4191 2,
325 4126 343 4178 8
360 4139 388 4180 v.
405 4125 441 4176 27
457 4124 653 4190 praedamque
693 4125 773 4193 idque
792 4128 894 4191 pariter
916 4138 951 4176 ae
970 4129 1127 4182 tollendam
1145 4133 1218 4187 taci-
1247 4136 1260 4155 '¹

128 4198 205 4249 toltit
227 4195 375 4263 (cervaru,
404 4193 528 4260 quonia
545 4196 665 4250 stabulo
693 4197 798 4251 litatem
815 4196 956 4249 auferendi
974 4196 1119 4264 significat.
