2700 4726
424 282 528 354 eru.
560 280 642 355 vu.
691 280 881 356 curso
966 238 969 244 ’
1136 289 1203 357 coe

117 468 163 548 ii,
183 465 242 554 qui
262 465 305 532 ad
324 468 485 537 auxilium
501 477 740 546 couvenerant,
764 473 911 538 clamore
924 479 959 538 ei
975 473 1108 540 ululatu
1122 495 1201 540 suo-

116 577 192 622 rum
214 556 342 621 enimes
364 559 619 633 confirmabant.
669 559 767 646 Quod
789 560 824 625 iu
846 569 1028 647 conspeetu
1051 564 1198 628 omnium
1222 567 1243 629 5

115 665 173 710 res
205 644 404 728 gerebatur,
438 669 546 734 usque
576 657 668 713 recle
697 669 734 713 ee
764 648 911 735 turpiter
941 649 1066 715 iactum
1096 651 1201 717 celeri
1309 684 1315 695 ·

115 738 273 820 poteret,
299 741 461 820 utrosque
486 744 521 802 st
545 737 659 801 leudis
682 734 852 819 cupiditas
874 743 910 801 et
936 738 1039 802 timor
1060 738 1201 822 ignomi-

115 820 191 885 niae
220 818 262 885 uti
296 821 457 889 virtutem
487 823 668 891 excitabat.
717 824 804 892 Cum
827 846 846 889 a
870 822 1010 890 meridie
1029 846 1134 914 prope
1157 825 1200 892 ed
1222 825 1243 887 6

147 1013 217 1133 &ovd
241 1012 323 1063 Febr.
347 1015 434 1066 lleeu.
459 1015 505 1066 Dr.
523 1016 554 1069 Β.
578 1016 657 1068 Goth.
677 1019 710 1066 A.
739 1011 819 1067 Viuo.
845 1011 939 1070 Acri.
967 1016 1040 1067 Vsu.
1063 1018 1123 1068 cde.
1149 1028 1201 1067 otu.

173 1096 198 1130 ur
220 1116 226 1127 .
246 1084 278 1132 D.

182 1151 215 1210 li]
240 1150 281 1200 lu'i
299 1152 379 1204 Vret.
398 1146 475 1206 ABG.
497 1155 595 1208 Hamb.
622 1153 651 1204 tt
669 1154 737 1205 bor.
761 1154 846 1207 lt'ebr.
865 1153 927 1205 Per.
944 1156 979 1206 A.
999 1152 1088 1206 licen.
1108 1153 1156 1203 Dr.
1170 1152 1201 1202 tt.
1301 1146 1305 1153 ’

148 1218 228 1270 Goth.
241 1224 275 1269 A.
293 1221 376 1271 Viud.
395 1221 489 1274 ABlll.
507 1227 577 1274 ven.
595 1226 653 1273 cde.
673 1234 724 1272 om.
746 1224 827 1275 vind.
845 1222 874 1272 G.

182 1293 382 1350 couvenerant]
400 1297 544 1346 venerant
561 1295 656 1344 ltemb.
676 1298 875 1347 convenerunt
891 1296 954 1346 Per.
970 1297 1004 1346 A.
1021 1292 1101 1358 idque
1115 1288 1201 1342 tecite

145 1357 250 1421 recepit
268 1361 422 1413 Diibuerus.
1223 1370 1225 1374 ’

182 1428 244 1488 §.5
268 1432 357 1488 recte]
386 1430 463 1481 reete·
479 1434 562 1483 Voss.
581 1429 636 1480 Ac.
658 1431 730 1481 Gott.
747 1433 810 1482 Per.
830 1430 865 1482 A.
882 1434 964 1484 Vret.
981 1433 1012 1483 tt.
1032 1433 1128 1481 llaub.
1147 1430 1200 1480 tiu.

146 1497 212 1561 reqe'
229 1497 289 1546 Ber.
316 1498 375 1564 tert·
399 1503 475 1562 ligur.
501 1502 571 1551 Dok.
591 1502 674 1563 Boug.
691 1501 721 1551 C.
744 1503 822 1552 Vret.
843 1507 875 1552 A.
901 1502 981 1553 Goth.
1000 1505 1034 1552 A.
1052 1499 1135 1553 Viud.
1154 1498 1198 1551 Gl.

146 1567 217 1616 Vsu.
237 1563 305 1618 1471
327 1581 385 1618 sec.
402 1570 462 1619 Elb.
482 1571 553 1620 Vsu.
571 1571 590 1619 i.
1277 1592 1279 1601 ·

184 1637 231 1694 ac]
256 1645 327 1701 „est
343 1650 359 1687 e
373 1639 403 1691 Β.
422 1651 463 1699 pr.
484 1635 516 1686 V.
538 1653 578 1700 pr.
595 1639 629 1688 Ι..
650 1653 688 1699 ur.
708 1641 777 1692 Lov.
795 1643 873 1704 ligre.
897 1646 925 1688 et
944 1636 1007 1689 eliis
1026 1638 1055 1687 et
1071 1637 1138 1686 liud.
1155 1648 1200 1697 up.
1248 1644 1252 1657 ¹

147 1706 232 1768 vulgo
250 1704 338 1756 aut.“
357 1718 408 1756 om.
430 1707 510 1757 Viud.
528 1704 551 1756 l.
573 1711 626 1759 aut
643 1708 715 1760 Heu.
733 1712 766 1759 A.
786 1711 859 1759 uott.
877 1711 945 1761 Wlt.
963 1709 1050 1758 licen.
1072 1702 1154 1756 vtae.
1169 1706 1199 1753 B.

147 1773 200 1825 iuc.
225 1788 280 1824 sec.
305 1777 366 1827 ΕΠ).
386 1774 448 1827 Au.
474 1779 502 1827 et
519 1789 577 1840 sqq.
598 1789 685 1838 usque
709 1782 743 1827 od
762 1780 829 1829 0ud.
856 1778 901 1841 qui
926 1789 980 1826 nou
1004 1775 1058 1826 uisi
1077 1776 1201 1825 codicum

148 1855 236 1892 cause
259 1857 294 1894 uc
315 1846 481 1906 praetulisse
505 1853 534 1894 et
557 1842 782 1906 significationem
802 1848 944 1909 utriusque
963 1845 1117 1909 particulae
1135 1847 1161 1897 lr.
1181 1844 1199 1894 l.

147 1914 259 1962 estruem
277 1913 407 1962 statuisse
426 1914 544 1964 videtur·
581 1914 717 1966 Wuittius
737 1926 818 1979 vero,
843 1915 890 1978 qui
906 1917 959 1966 aut
974 1915 1111 1977 restituit,
1129 1915 1201 1977 quod

148 1983 231 2031 etiem
256 1981 284 2030 iu
303 1982 393 2049 lictu,
424 1983 457 2031 de
482 1996 533 2048 quo
552 1984 620 2033 0ud.
638 1986 667 2031 et
685 1984 766 2034 Febr.
785 1987 894 2049 tacent,
919 1986 1041 2047 legetur,
1065 1994 1120 2032 nou
1135 1981 1202 2032 uibil

147 2049 302 2115 codicibus,
327 2053 375 2101 sed
399 2052 460 2113 plus
485 2053 612 2101 tribuisse
639 2053 748 2103 videtur
773 2053 854 2116 usui,
879 2053 923 2101 cui
947 2055 1010 2115 post
1027 2051 1201 2115 negotionem

147 2120 277 2170 convenit
301 2123 368 2184 out,
394 2122 464 2181 quod
487 2125 632 2183 praeterea
653 2133 737 2180 saeue
760 2134 777 2172 e
800 2121 919 2171 librariis
943 2132 1085 2183 perperam
1112 2120 1142 2170 iu
1165 2131 1201 2169 uc

146 2196 277 2239 mutatum
293 2203 356 2238 esse
374 2197 491 2240 constet.
518 2192 618 2242 Temen
636 2195 664 2241 et
676 2191 783 2240 llirtius
799 2192 817 2243 8
835 2192 923 2253 prael.
942 2188 968 2248 S·
983 2189 1001 2240 8
1018 2190 1106 2252 atque
1122 2188 1202 2238 slmi-

147 2258 212 2307 liter
230 2257 313 2307 dixit:
338 2258 407 2308 milu'
423 2272 459 2309 ue
476 2259 547 2310 illud
564 2259 676 2327 quidem
697 2259 821 2326 accidit,
845 2262 879 2310 ut
895 2259 1096 2310 Alexandrino
1112 2258 1201 2321 atque

147 2327 290 2392 Africano
312 2326 381 2377 bello
408 2328 587 2382 interessem.
612 2337 640 2379 et
664 2327 811 2380 Gaesarem
834 2334 869 2393 3,
889 2327 922 2378 14
946 2326 1010 2387 §.3
1037 2326 1201 2377 insolentius
1248 2358 1252 2364 ι

145 2396 657 2533 lltl‘liltllltzlltlltl
674 2394 1201 2526 mittut?illliltlltttll·

209 2503 215 2516 ι
383 2499 390 2515 e
421 2505 427 2519 .
663 2502 672 2531 2
1183 2489 1200 2502 “

147 2536 246 2586 tionem
265 2536 379 2586 eaodem
396 2536 499 2603 luisse,
522 2539 637 2590 utillud
656 2537 761 2599 pariter
779 2545 861 2598 etque
879 2538 930 2586 ltoc
957 2533 1043 2587 celeri
1062 2546 1116 2585 uou
1133 2544 1199 2594 uos-

147 2608 210 2668 set,
241 2603 414 2667 significasse
444 2607 567 2671 videtur3
598 2619 678 2669 quem
703 2606 852 2670 particulae
880 2606 936 2655 vim
963 2603 992 2654 iu
1016 2603 1199 2655 affirmatione

146 2673 254 2725 notavit
272 2673 394 2721 blandius
414 2676 549 2744 l'urs.1‚
569 2674 638 2742 tce,
658 2673 692 2739 t,
710 2676 825 2727 similem
845 2676 919 2725 illem
939 2672 1064 2724 Graecae
1081 2674 1143 2735 sel,
1163 2673 1198 2722 de

148 2755 203 2808 quo
219 2743 247 2791 iu
266 2742 485 2792 adnotationibus
505 2746 540 2795 ed
559 2745 682 2796 Platonis
699 2745 845 2796 civitatem
865 2745 929 2793 Vol.
949 2745 963 2793 1
985 2757 1010 2804 p.
1028 2737 1082 2792 ³04
1098 2741 1164 2791 dlxi.

180 2810 296 2877 fectum]
320 2813 445 2875 „ectum
462 2815 532 2865 Lov.
552 2813 693 2879 quidquid
711 2816 787 2876 ligur.
805 2814 882 2863 deest
896 2813 972 2863 MSS.
985 2813 1012 2862 9.
1029 2811 1057 2859 et
1069 2810 1137 2860 Edu·
1150 2823 1197 2874 pp.

146 2882 187 2932 uti
205 2885 233 2931 et
248 2882 369 2945 poterat
386 2881 413 2931 iu
431 2884 507 2931 MSS.
523 2881 576 2934 7.“
594 2887 707 2946 aetum,
725 2882 806 2946 idque
823 2884 886 2933 aute
905 2893 940 2932 ac
960 2879 1108 2944 turpiter,
1135 2917 1143 2930 .
1162 2912 1169 2927 ·
1188 2917 1197 2932 .

145 2953 229 3002 Febr.
252 2953 304 3002 aut
324 2949 444 3001 vindi.
468 2962 518 3002 our.
543 2953 626 3002 Voss.
643 2954 677 3002 Δ.
701 2954 776 3013 ltgm.
800 2951 873 3003 Gott.
898 2951 979 3000 Febr.
1003 2948 1086 3010 llong.
1102 2948 1136 2997 A.
1154 2949 1197 3000 Pl.

110 3032 113 3036 ·
146 3021 210 3071 Per.
232 3023 265 3070 A.
290 3019 376 3070 lietu.
402 3021 486 3083 floug.
511 3019 541 3076 G.
568 3022 614 3072 Dr.
633 3021 688 3070 All.
713 3021 792 3071 Vret.
814 3019 892 3070 ABG.
920 3019 998 3070 (ioth.
1019 3017 1075 3067 Ao.
1099 3017 1197 3067 flami.

144 3091 225 3140 Viud.
244 3088 346 3139 coleti.
364 3088 424 3138 edd.
442 3098 506 3140 ente
523 3087 585 3141 Ald.

180 3161 300 3220 poterat]
326 3158 461 3224 quiequid
479 3173 508 3224 p.
531 3161 606 3222 ltgru.
631 3158 714 3208 llebr.
733 3159 813 3209 Vret.
832 3160 865 3206 A.
886 3169 938 3209 otu.
962 3154 1047 3207 Voss.
1063 3155 1097 3205 A.
1123 3152 1198 3205 Gott.

145 3228 229 3279 Febr.
246 3228 333 3278 Haeo.
352 3229 436 3290 Boug.
450 3233 484 3279 A.
503 3229 542 3278 Pl.
561 3228 624 3279 Par.
638 3229 672 3276 A.
691 3228 736 3277 [tr.
751 3227 806 3275 ΑΒ.
830 3227 911 3277 Vret.
931 3224 952 3276 (l
970 3226 999 3275 et
1016 3237 1033 3276 e
1050 3236 1085 3274 m.
1105 3236 1146 3286 pr.
1165 3224 1196 3273 Β.

148 3299 227 3348 Goth.
250 3299 279 3346 B.
306 3297 356 3347 Gu.
381 3297 466 3352 Viud.
486 3298 577 3348 ΒΒΒΊ.
615 3299 721 3361 Exeo,
744 3296 815 3360 quod
840 3297 867 3345 iu
892 3296 955 3350 Per.
972 3296 1007 3344 A.
1032 3295 1145 3362 factum
1169 3302 1197 3343 et

145 3368 265 3431 poterat
281 3366 384 3417 omissa
401 3376 480 3432 sunt,
498 3369 643 3417 Diibuerus
658 3378 712 3417 nou
732 3367 814 3415 vuldo
832 3364 940 3416 dubiam
961 3363 1040 3414 huius
1056 3364 1109 3413 loci
1124 3362 1197 3412 scri-

147 3440 270 3498 ptorem,
297 3436 346 3485 sed
372 3437 406 3485 de
427 3437 548 3487 codicum
574 3436 695 3486 bonitate
719 3436 802 3486 ellter
821 3434 992 3499 iudicandum
1011 3445 1090 3496 esse,
1117 3444 1196 3496 quem

145 3505 209 3570 ipse
226 3505 373 3563 iudicavit,
392 3507 521 3570 colligere
541 3506 664 3556 debebat.

84 3619 87 3624 .
180 3575 331 3632 excitabat]
353 3575 436 3638 Boug.
453 3578 485 3624 A.
504 3576 545 3624 Pl.
565 3577 635 3625 flav.
655 3575 690 3623 A.
708 3573 790 3625 Viud.
805 3575 838 3623 A.
859 3573 938 3624 Goth.
951 3565 983 3619 Α.
1001 3570 1072 3619 Ven.
1091 3570 1111 3622 i.
1133 3570 1196 3620 Aut.

146 3645 191 3694 ab·
218 3643 266 3693 Gr.
285 3655 310 3692 e.
335 3643 366 3693 P.
384 3647 457 3695 Men.
477 3644 649 3706 Turullius.
676 3644 717 3695 lu.
735 3644 782 3693 Gr.
799 3645 869 3692 Dav.
887 3642 928 3692 cl.
952 3639 1093 3691 incitabat
1112 3639 1195 3689 Voss.

147 3715 178 3763 B.
199 3713 366 3763 excitabant
390 3714 493 3778 „MSS
518 3715 640 3777 plerique
659 3719 688 3761 et
706 3715 772 3763 ltdd.
791 3709 895 3763 Vett.“
918 3712 1001 3760 Voss.
1019 3710 1044 3757 A
1061 3721 1080 3758 e
1097 3720 1133 3762 m.
1150 3721 1193 3773 pr.

145 3784 223 3845 Egru.
249 3782 321 3832 Gott.
345 3781 422 3840 (Par.
442 3780 490 3842 A.)
509 3784 593 3846 Boug.
610 3774 640 3832 C.
662 3782 721 3832 Pel.
743 3782 795 3832 Gu.
814 3781 895 3831 Viud.
914 3778 946 3829 Β.
969 3780 1015 3828 Dr.
1033 3775 1088 3828 ΑΒ.
1111 3778 1194 3829 Vret.

145 3853 225 3902 ABG.
245 3853 325 3902 Goth.
340 3852 370 3909 Β,
389 3851 485 3904 llumb.
506 3854 565 3908 edd.
584 3854 645 3901 ente
662 3852 732 3902 Veu.
749 3853 771 3901 i.
790 3852 829 3899 st.
850 3846 1125 3904 Gr.b.1lrell.0ud.
1150 3846 1193 3896 Cf.

145 3935 171 3972 c.
189 3924 224 3973 23
246 3921 272 3982 S.
290 3921 322 3973 5:
352 3922 427 3987 quod
447 3923 477 3973 et
495 3920 675 3974 atterentur
691 3920 765 3986 lapis
783 3923 812 3972 et
836 3919 870 3972 ab
887 3917 982 3969 ariete
999 3917 1126 3968 necteria
1142 3917 1194 3968 de-

161 4091 188 4152 s.
206 4091 224 4143 4
246 4094 368 4145 clamore
390 4100 419 4144 et
436 4090 553 4160 ululatu]
587 4091 630 4147 (ii.
724 4090 780 4151 §.6
797 4089 864 4141 Cum
878 4101 896 4141 e
908 4086 1032 4152 meridie]
1049 4087 1091 4137 De
1103 4096 1192 4148 asyn-

109 4162 173 4214 edu.
190 4165 226 4215 ed
240 4163 274 4231 5,
292 4166 328 4217 37
345 4161 373 4225 8·
389 4167 416 4216 Β.
640 4164 646 4173 “
673 4162 735 4215 dete
753 4173 781 4214 v.
796 4161 858 4213 edu.
877 4172 918 4213 cr.
935 4159 970 4212 etl
987 4157 1022 4224 t,
1038 4160 1073 4208 ³3
1090 4154 1116 4217 S.
1135 4159 1164 4208 3.
