2700 4726
203 303 271 373 460
467 305 539 373 DE
567 303 748 373 sunio
779 302 1026 375 Gannico

201 488 328 571 foetos,
357 491 447 580 quod
470 494 638 561 conlocuti
659 514 734 559 enm
756 493 925 562 Arvernis
951 491 1161 574 dicerentur3
1194 493 1292 584 ipsos

205 598 243 649 ie
264 577 355 644 inter
382 581 632 647 multitudinem
654 581 799 647 militum
823 583 1013 648 occultasse
1034 588 1137 669 etque
1158 602 1199 648 ex
1222 604 1292 649 me-

161 664 264 743 sdie
294 665 397 735 caede
424 669 566 754 fugisse.
614 665 835 736 Conclamant
866 667 1002 734 Haedui
1035 678 1072 734 et
1099 668 1293 737 Litavieum

159 752 398 838 inhaerent,
433 765 471 822 ut
498 756 564 822 sihi
592 759 760 824 consulet.
814 755 923 843 Quasi
954 777 1053 836 vero,
1086 755 1199 844 inquit
1218 756 1292 840 iiis,

203 843 339 909 consilii
365 844 412 910 sit
440 864 517 924 res,
551 864 591 909 ae
618 864 684 910 non
713 864 851 910 neeesse
882 844 930 910 sit
960 843 1059 909 nohis
1085 842 1291 931 Gergoviam

161 927 403 997 8eontendere
437 937 473 996 et
487 941 489 946 “
502 952 577 997 eum
606 930 776 999 Arvernis
805 937 938 998 nosmet
964 933 1178 1017 coniungere.
1227 932 1291 1000 An

203 1014 399 1085 dubitamus
428 1019 509 1105 quin
535 1019 664 1085 nefario
690 1020 838 1084 facinere
868 1016 1016 1084 admisso
1046 1018 1191 1087 Romani
1220 1021 1291 1088 ism

204 1103 249 1171 ad
275 1126 336 1172 nos
364 1106 613 1173 interficiendos
635 1099 859 1174 ooneurranti
901 1103 1069 1191 Proinde,
1094 1106 1232 1194 siquid
1254 1110 1291 1176 in

202 1193 300 1260 nohis
324 1194 427 1260 animi
449 1201 518 1275 est,
540 1216 782 1282 persequamur
805 1213 921 1259 eorum
944 1200 1097 1275 mortem,
1119 1195 1178 1280 qui
1200 1194 1290 1263 indi·

202 1281 365 1366 gnissime
393 1282 611 1363 interierunt,
647 1291 749 1370 etque
774 1282 836 1347 hos
860 1281 1011 1347 latrones
1031 1281 1289 1356 intertioiamus.

157 1375 180 1439 9
202 1368 366 1436 Ostendit
386 1368 476 1435 aives
498 1369 685 1451 Romanos,
717 1370 776 1457 qui
796 1368 869 1433 eius
892 1364 1054 1456 praesidii
1076 1367 1200 1435 fidncia
1218 1392 1292 1438 una‘

199 1465 308 1527 erant.
355 1454 523 1524 Continuo
554 1478 707 1543 magnum
734 1476 907 1521 numerum
933 1456 1095 1522 frumenti
1121 1478 1287 1526 commee-

198 1553 324 1632 tusque
350 1543 488 1633 diripit,
522 1544 618 1633 ipsos
652 1542 836 1611 crudeliter
869 1544 1079 1610 exerueiatos
1112 1541 1288 1619 interfluit.

232 1750 252 1790 a
260 1736 450 1798 Metaphraste
467 1746 630 1799 expressum
642 1737 672 1785 et
682 1738 825 1798 probatum
837 1734 1020 1785 el‘etreroha
1031 1734 1162 1786 videbat:
1181 1737 1222 1790 od
1235 1740 1287 1805 fa·

231 1808 359 1860 eundem
387 1804 484 1856 uerbis
507 1802 592 1869 fidem
609 1805 761 1857 subornati
777 1808 866 1856 testes
881 1806 1030 1870 prodeunt
1048 1805 1085 1855 de
1099 1805 1223 1873 conflata
1240 1810 1285 1859 tt·

230 1877 327 1929 etorto
349 1875 567 1925 numatianus.
590 1875 656 1939 (17,
673 1877 715 1934 6.)
750 1875 817 1924 Post
833 1874 1013 1925 nauttituuini
1031 1880 1183 1939 eruperunt
1198 1878 1284 1929 fenile

231 1959 330 1997 omres
347 1944 435 2004 potnit
451 1944 481 1991 in
498 1945 605 1993 multos
623 1944 771 2006 corrumpi,
789 1944 872 2005 idque
888 1944 931 1992 ita
947 1946 1054 1994 facturn
1071 1956 1135 1996 esse
1153 1959 1186 1997 eo
1205 1948 1284 1999 veri·

229 2015 349 2067 similius
365 2013 405 2077 st,
423 2012 495 2074 quoi
507 2012 536 2062 in
554 2013 714 2074 quibusdam
728 2014 872 2073 utriusque
888 2012 1001 2077 generis
1014 2011 1285 2069 codicibus‘iiversa
1337 2018 1342 2028 '

228 2087 263 2143 ab
280 2095 382 2148 genere
400 2082 541 2143 scriptura
560 2084 669 2147 exstat,
685 2084 715 2132 in
732 2086 760 2134 S.
779 2086 807 2131 et
823 2078 916 2147 (iasii.
933 2078 982 2140 A.)
999 2083 1117 2147 inultos,
1134 2085 1164 2135 iu
1184 2088 1285 2145 (hev.)

227 2157 258 2207 et
277 2154 359 2212 (Gn.)
385 2165 487 2203 orares.
523 2151 576 2211 Qui
595 2155 740 2214 utrumque
756 2149 985 2212 interpolatione,
1004 2152 1119 2202 caesari
1140 2155 1211 2205 nihil
1227 2155 1285 2206 nisi

227 2225 340 2291 equites
361 2222 548 2272 Haeduorum
569 2221 744 2286 interfectos
769 2221 908 2280 tribuunt,
942 2219 1007 2270 huie
1028 2219 1112 2272 simul
1128 2228 1157 2274 et
1172 2224 1283 2276 meliori

227 2293 326 2359 generi
343 2291 473 2341 iniuriam
489 2290 605 2339 faciunt.
623 2290 746 2354 (omneis
763 2292 824 2341 Ali.
842 2301 869 2340 a.
888 2289 937 2340 Gr.
960 2300 987 2339 a.
1005 2290 1102 2350 Turi.)

260 2361 413 2419 conlocuti]
431 2393 439 2409 .
456 2392 464 2408 .
484 2393 490 2406 .
508 2360 591 2410 Fani.
606 2360 704 2424 (flung.
723 2358 768 2425 A.)
785 2360 893 2411 Pani.
912 2357 994 2409 Vret.
1013 2360 1046 2410 A.
1058 2370 1114 2411 nou
1131 2360 1195 2412 coit.
1215 2359 1282 2426 (orn.

223 2430 274 2482 Dr.
296 2432 324 2480 Β.
343 2428 433 2479 locuta·
452 2427 533 2476 Vini.
552 2428 601 2486 F.)

259 2499 389 2556 miiitum]
417 2496 546 2560 equitum
562 2497 638 2548 soti.
656 2499 739 2549 Febr.
757 2500 825 2552 Wh.
844 2499 895 2551 Dr.
916 2499 950 2548 A·
970 2500 1055 2549 Vrat.
1073 2499 1104 2546 Β.
1122 2498 1176 2548 Gn.
1196 2496 1280 2548 Vini.

223 2568 254 2617 Β.
272 2570 340 2618 Met.
359 2557 429 2625 (ruia
448 2558 576 2624 ἱππέων).

259 2637 381 2701 fugisse]
399 2636 502 2699 ,mss
520 2634 648 2698 plerique
657 2632 676 2663 ·‘
693 2636 860 2703 persuptsse
877 2635 954 2686 Leid.
969 2637 1004 2687 A.
1022 2633 1190 2701 confugisse
1201 2631 1279 2685 nero.

225 2703 258 2757 G.
279 2703 447 2772 profugisse
466 2703 548 2752 Goth.
568 2706 597 2752 Β.
616 2704 707 2771 (Pal.)
725 2719 786 2755 eum
804 2707 864 2757 edi.
882 2707 998 2769 praeter
1015 2706 1088 2757 Ven.
1106 2705 1126 2753 i.
1145 2704 1281 2759 omnibus.

261 2777 289 2839 s.
313 2777 331 2823 6
363 2773 522 2832 obsecrent]
553 2775 616 2836 post
638 2776 673 2825 ut
699 2775 752 2825 sibi
771 2776 905 2827 consulut
924 2775 992 2826 Oui.
1013 2773 1075 2826 sine
1092 2774 1279 2826 adnotatione.

224 2840 390 2911 (oisreruut
407 2842 486 2892 Rom.
504 2836 546 2907 a.)

259 2918 287 2980 s.
305 2914 324 2965 8
341 2913 368 2962 si
385 2912 450 2974 quid
466 2911 497 2960 in
513 2908 593 2961 nobis
612 2909 699 2961 animi
716 2914 773 2975 est]
801 2926 824 2962 s.
846 2925 872 2976 o.
890 2926 909 2964 a
936 2925 960 2963 e.
978 2910 1001 2961 i.
1017 2925 1045 2961 u.
1062 2911 1160 2962 Hamb.
1176 2911 1208 2962 tn
1227 2924 1280 2964 nes

221 3001 248 3107 ἴ
265 2997 339 3105 qipa&
357 2996 381 3114 εξ
398 2982 447 3100 Drt.
465 2980 495 3099 g
513 2993 537 3034 r.
552 2992 625 3107 phe.
643 2980 662 3030 i.
679 2995 708 3031 u.
722 2995 749 3033 o.
763 2983 834 3033 Ani.
849 2983 900 3033 01.
914 2980 994 3032 Leti.
1009 2986 1042 3031 A.
1055 2980 1128 3033 Hev.
1143 2983 1179 3034 A.
1192 2978 1278 3034 Vini.

250 3093 256 3107 .
304 3067 347 3102 u.
403 3064 432 3100 ua
488 3061 530 3099 er.
579 3085 584 3096 .

255 3124 282 3186 s.
302 3124 319 3172 9
337 3063 486 3178 θοιςιῐίηηο]
507 3119 578 3167 Ani.
596 3118 647 3171 01.
666 3116 715 3168 cn.
738 3119 766 3167 s.
784 3117 844 3168 Pet.
863 3118 940 3168 Laid.
954 3121 988 3169 Α.
1004 3119 1076 3170 liar.
1090 3123 1124 3172 A.
1142 3119 1228 3171 Vini.
1242 3123 1278 3173 A.

220 3194 284 3246 Alo.
308 3204 368 3256 sqq.
392 3200 445 3239 om.
469 3186 572 3250 reliqui
595 3190 624 3237 et
641 3187 702 3237 eii.
719 3189 786 3238 ante
803 3188 914 3239 Alium.
947 3188 990 3240 ct.
1007 3203 1032 3241 e.
1049 3185 1085 3240 42
1104 3189 1130 3251 S·
1149 3192 1184 3243 6:
1215 3192 1277 3243 Hor

219 3365 281 3431 μ.
293 3365 368 3428 ipsos
380 3376 413 3413 se
424 3360 499 3413 inter
505 3358 710 3410 multitudinem
801 3361 827 3424 s.
840 3363 859 3410 6
875 3361 906 3410 ut
921 3359 975 3411 sibi
988 3362 1132 3420 consulat]
1149 3362 1277 3416 Mustius

183 3437 302 3487 rnilitum
332 3434 503 3492 occultasse]
535 3431 598 3481 Non
624 3431 709 3480 eiiter
750 3430 1150 3493 sibiinterpretaturhitavico
1164 3434 1277 3484 atilae-

183 3510 255 3558 heeo
271 3503 453 3568 intelligenda
471 3501 609 3564 videntur,
626 3512 709 3563 quam
751 3500 822 3550 duis.
858 3501 980 3549 Verbum
1003 3502 1156 3552 obsecrant
1172 3503 1207 3552 de
1223 3499 1276 3555 oi-

182 3576 236 3627 ille
257 3572 293 3637 4,
321 3579 357 3626 33
382 3571 409 3632 S·
434 3572 467 3621 1:
498 3582 563 3621 uuna
581 3582 612 3620 ae
629 3572 709 3622 iuter
750 3570 843 3621 terico
860 3569 979 3633 eogitari
994 3570 1044 3619 vix
1056 3571 1169 3632 patitur.

182 3644 314 3710 equitum
335 3646 456 3694 turmas
467 3638 707 3690 insinuaverunt:
801 3637 853 3699 §.9
865 3638 956 3701 ipsos]
966 3640 1186 3703 quiirumeutnm
1196 3653 1275 3692 eon·

183 3715 294 3766 scilieet
317 3711 349 3761 in
371 3722 455 3760 unam
474 3709 622 3759 coniuncta
640 3709 705 3771 loci,
748 3710 921 3772 meatumque
932 3708 1048 3759 Caesari
1064 3710 1276 3770 supportabant.

183 3796 265 3846 quern
287 3793 319 3831 se
343 3777 510 3831 occultaturi
530 3776 705 3842 petivissent,
748 3779 823 3828 Bene
846 3791 957 3828 sensum
980 3778 1060 3828 huius
1082 3778 1139 3830 looi
1155 3792 1276 3842 perspe-

182 3854 212 3904 et
229 3852 282 3918 rei,
299 3859 354 3912 qna
370 3862 401 3899 se
418 3847 616 3910 occultassent,
632 3848 707 3898 noti·
748 3848 791 3897 xit
802 3847 955 3899 Petrarctre
967 3848 1039 3896 ilist.
1059 3848 1103 3913 17,
1121 3848 1154 3900 8:
1171 3848 1275 3902 lirant

181 3934 244 3974 one.
285 3919 328 3971 Gi.
347 3918 470 3968 Handius
489 3918 570 3975 Ture.
590 3918 625 3980 3,
642 3913 706 3967 401.
747 3917 780 3967 iu
805 3918 945 3969 comitutu
961 3917 1085 3967 Rotnani
1108 3917 1186 3970 ciues
1208 3930 1275 3970 mu-

181 3991 288 4043 Milites
312 3989 377 4039 sunt
391 3985 509 4036 Romani
532 3987 643 4036 caedem
659 3988 705 4036 ia·
747 3999 834 4053 prem
852 3987 912 4037 uim
930 3987 1076 4051 frumeuti
1088 3990 1119 4039 et
1130 4000 1271 4040 commee-

181 4062 304 4123 eientes‚
327 4068 441 4120 quorum
457 4055 533 4104 inter
551 4056 706 4106 multituii-
747 4059 832 4108 tuum
845 4057 1025 4120 reliquorum
1036 4056 1074 4107 ed
1087 4057 1273 4110 castravere·

180 4143 244 4182 nem
268 4129 313 4179 illi
334 4140 366 4177 se
383 4125 543 4177 insinuasse
560 4127 589 4176 et
608 4127 704 4179 oooul-
746 4126 825 4176 saris·
843 4127 1025 4193 deferentes,
1045 4125 1109 4191 qui,
1126 4129 1162 4178 ut
1178 4126 1275 4179 tutius

180 4204 259 4255 tasse
276 4198 379 4252 mount.
745 4193 1004 4261 proficiscerentur
1027 4190 1059 4260 (o
1081 4208 1161 4249 meus
1178 4195 1272 4250 iomi-
