2700 4726
395 300 501 417 Lis.
526 301 610 374 vii.
657 298 778 376 GAP.
800 305 846 376 76
1125 237 1211 376 589ο

106 491 320 577 Lemovices,
359 490 501 574 Veneti,
536 492 663 562 Unelli.
721 493 771 562 Ex
805 494 858 562 iris
888 491 1060 562 Bellovaci
1090 495 1234 560 snum5

141 682 311 735 ussnmtv‘be
330 685 428 736 iinmb.
452 685 569 738 Osismii
585 687 660 749 Lips.
680 697 737 751 sqq.
759 686 825 751 „De
842 683 986 745 Osismis,
1004 684 1052 750 qtii
1067 685 1147 737 varie
1164 685 1194 736 in

143 756 221 805 MSS.
240 761 468 820 corrumpuntur,
488 755 551 807 vicie
567 758 604 808 ad
619 757 639 807 1.
660 756 712 808 ili.
728 768 752 807 c.
769 751 823 806 Μ
853 756 897 811 ur.
917 757 979 810 uin.
997 768 1035 806 er.
1054 756 1090 806 ad
1105 759 1134 818 2,
1149 753 1194 808 ni.

179 838 354 900 Lemovices]
378 841 501 892 monices
518 842 614 896 iiamb.
638 840 802 893 Lemovices
819 841 904 904 Boug.
921 835 952 893 C.
970 841 1056 894 liaeo.
1075 843 1120 895 Dr.
1136 843 1193 894 AB.

127 907 226 960 tvinu.
245 908 338 959 cusi.
361 911 419 960 edri.
443 911 507 963 aute
531 914 595 962 Ber.
613 914 683 963 Ven.
701 913 722 965 i.
745 912 807 961 Atti.
823 923 849 962 a.
877 910 1041 963 Lemovices
1063 913 1143 966 Vrat.
1162 914 1194 962 B.
1287 961 1290 966 .

141 977 321 1029 Diablintres
344 990 438 1039 margo
455 980 540 1031 lircil.
558 980 628 1044 uncti
645 992 741 1032 nomen
761 981 899 1031 Glareano
917 980 1098 1041 reponendum
1115 980 1194 1031 virie-

142 1047 232 1097 batur.
276 1048 468 1115 [Lemcviees]
499 1048 541 1104 Iu.
567 1050 616 1101 Gr.
642 1049 804 1103 Lemovices
828 1047 991 1100 ciacconius
1017 1059 1069 1098 non
1095 1049 1193 1115 magis,

142 1128 223 1177 quam
241 1117 377 1183 senones,
397 1116 442 1182 qui
456 1108 508 1169 rino
524 1132 578 1172 non
595 1119 715 1185 fuerint,
734 1118 776 1169 bis
792 1126 1016 1171 commemoratos
1034 1117 1128 1169 terens
1146 1127 1195 1170 aut

139 1185 201 1249 iric,
221 1189 268 1236 ant
286 1198 385 1249 supra,
405 1186 452 1237 ubi
469 1189 565 1239 iterum
585 1202 647 1240 cum
657 1187 815 1239 Beiiovacis
833 1191 861 1239 et
875 1188 1032 1239 Pictonibus
1049 1200 1195 1239 numeren-

140 1254 204 1319 tur,
222 1258 345 1306 mendum
366 1255 504 1308 concinere
521 1262 625 1310 censet.
661 1253 765 1310 Contra
778 1256 910 1309 Davisius
928 1260 981 1308 uuo
994 1267 1059 1306 esse
1074 1259 1195 1320 potuisse

139 1325 304 1374 Lemovices
329 1336 435 1392 monet,
461 1340 574 1391 qnorum
597 1327 624 1377 iri
646 1325 675 1377 in
696 1326 840 1378 Armorica
864 1326 965 1378 inerint
985 1325 1048 1390 siti,
1074 1327 1124 1378 aiii
1141 1340 1195 1378 non

139 1394 223 1456 item,
247 1395 327 1457 eique
351 1396 502 1448 assentitur
526 1397 730 1458 oudendorpius
756 1396 865 1449 omnino
883 1386 1023 1446 Veientum
1041 1392 1103 1446 Not.
1120 1396 1196 1449 suli.

140 1477 167 1526 p.
185 1462 237 1511 269
264 1471 399 1528 tamquam
427 1466 503 1527 iilius
535 1464 687 1516 sententiae
713 1467 849 1517 auctorem
874 1463 979 1516 consuit
1004 1464 1118 1530 iubens,
1148 1467 1195 1530 qui

139 1536 303 1596 propterea,
330 1536 400 1595 quod
420 1547 438 1587 a
456 1536 654 1586 recentioribus
672 1533 851 1599 scriptoribus
867 1532 1032 1587 Lemovices
1050 1534 1122 1586 inter
1139 1538 1196 1587 Ar-

139 1602 261 1651 moricas
288 1601 420 1654 civitates
447 1607 622 1670 referuntur,
651 1606 788 1656 hocloco
814 1604 884 1655 idem
907 1615 926 1654 a
949 1601 1069 1654 caesare
1092 1605 1195 1657 iactum

139 1679 224 1731 atquc
249 1673 297 1720 iros
316 1673 480 1724 Lemovices
504 1687 522 1726 a
544 1672 691 1724 maioribus
714 1677 743 1724 et
763 1671 971 1724 mediterraneis
987 1672 1114 1724 diversos
1130 1688 1196 1738 par-

132 1746 197 1798 -iem
223 1752 277 1790 non
301 1745 522 1794 contemnendam
549 1742 716 1796 osismorum
744 1746 773 1792 et
801 1744 897 1804 postea
923 1742 1080 1792 Leoneuses
1106 1744 1196 1795 dictos

142 1821 206 1858 esse
232 1810 389 1876 existimat,
419 1820 450 1861 ut
473 1815 506 1862 de
530 1812 652 1863 toiienda
675 1812 739 1872 post
756 1810 860 1862 (ieiumi
883 1809 1101 1873 interpunctione
1119 1813 1197 1878 cugi-

142 1887 221 1928 tasse
247 1879 382 1930 vitientur.
423 1880 476 1931 Seri
495 1879 619 1932 caismos
637 1879 742 1930 caesor
765 1882 797 1945 2,
814 1877 851 1930 64
867 1882 895 1928 et
911 1880 979 1944 a‚9
1005 1879 1067 1939 §.8
1091 1881 1197 1946 simpit-

143 1947 213 1997 citer
231 1947 300 1997 dixit
321 1950 350 1996 et
371 1944 395 1998 ir.
414 1950 433 2005 Ι.
458 1947 578 2012 certius,
601 1948 628 2000 si
646 1952 695 1998 iroc
713 1958 864 2010 cognomen
881 1948 990 1999 illorum
1009 1962 1073 1999 esse
1091 1953 1197 2002 voluis-

143 2019 204 2076 set,
229 2017 289 2065 eius
307 2017 347 2066 rei
365 2016 492 2067 indicium
512 2016 637 2067 tacturus
660 2016 746 2066 fuisse
766 2017 892 2082 videtur,
916 2016 993 2080 ipsos
1010 2031 1078 2070 vero
1095 2022 1197 2073 Lemo-

143 2084 223 2134 vices
243 2097 290 2150 eo,
315 2088 384 2147 quot
402 2084 540 2137 Armorici
556 2088 649 2137 essent
667 2088 695 2135 et
710 2078 847 2136 Oceanum
865 2084 1046 2152 attingerent,
1072 2090 1143 2140 sutis
1163 2092 1197 2142 ab

142 2153 257 2217 niteris,
288 2155 385 2216 quibus
412 2168 461 2218 per
484 2168 515 2203 se
546 2155 613 2206 solis
637 2154 673 2204 X.
701 2153 777 2204 mitia
803 2153 937 2214 imperata
961 2160 1072 2217 esseut,
1101 2167 1129 2208 et
1152 2157 1199 2222 qui
1303 2168 1307 2179 ’

143 2226 291 2273 secundum
315 2222 431 2274 Hirtium
458 2222 494 2290 8,
510 2218 545 2275 46
561 2219 588 2284 S.
606 2218 625 2274 i
648 2226 834 2273 Arvernorum
852 2220 959 2272 tinitirni
978 2227 1074 2287 erant,
1098 2227 1198 2278 distin-

143 2299 206 2343 ctos
230 2292 358 2344 arbitrari
381 2292 476 2355 potuit.
512 2291 608 2357 itaque
625 2291 653 2343 iu
671 2305 719 2355 eo,
744 2294 814 2355 quod
831 2289 941 2342 codices
957 2303 1094 2344 consensu
1116 2301 1199 2347 tuen-

143 2365 206 2424 tur,
224 2361 450 2424 acquiesceridum
466 2363 541 2430 puto.
576 2361 756 2424 Nipperdeius
774 2370 862 2411 autem
883 2361 1043 2411 Lemovices
1060 2363 1088 2413 in
1105 2367 1199 2417 eadem

143 2439 226 2493 atque
243 2433 366 2480 senones
383 2443 469 2483 causa
488 2443 551 2481 esse
569 2436 668 2493 putans
684 2442 734 2492 pro
751 2428 916 2482 Lemovices
933 2429 977 2480 iric
993 2431 1135 2500 Lemouii,
1151 2449 1202 2498 pro

146 2488 284 2550 Lemoviis‘
303 2513 389 2562 supra
405 2495 601 2552 lemovicibus
620 2498 808 2565 scribentium,
827 2496 984 2549 Bellovacis
1001 2514 1068 2553 vero
1087 2506 1201 2570 citeros,

132 2558 243 2632 'quibos
267 2570 302 2620 X.
326 2569 401 2619 milia
424 2571 557 2629 imperata
582 2569 655 2634 sint,
689 2569 781 2619 nulius
805 2568 1008 2635 adiungenios,
1040 2574 1090 2622 sed
1117 2578 1203 2627 verba

147 2638 269 2689 totidem
288 2636 484 2688 lemovicibus
501 2638 595 2702 illinc,
615 2638 661 2687 ubi
677 2639 787 2688 codices
805 2650 839 2687 eu
856 2638 998 2704 exhibent,
1020 2640 1154 2694 eiicienta
1173 2653 1201 2695 et

145 2707 219 2758 inter
237 2706 407 2758 Bettocosois
424 2707 496 2768 (ipse
513 2705 694 2758 Vettiocosois
707 2706 816 2764 scribit)
836 2711 918 2768 etque
931 2710 961 2758 et
974 2710 1109 2761 Aulercis
1123 2708 1202 2765 iiiu-

147 2779 264 2828 ronibuc
290 2775 526 2834 (Eburovicibus)
551 2777 591 2825 ita
617 2775 813 2835 interponente
836 2775 956 2841 iuoicct,
979 2782 1010 2827 nt
1036 2782 1202 2833 Betiocessis

146 2847 253 2909 pariter
270 2855 350 2907 atque
366 2845 544 2896 Atrebatibus
563 2849 708 2909 quattuor,
726 2843 917 2894 Lemovicibus
934 2850 962 2896 et
978 2848 1106 2898 Auiercis
1124 2857 1203 2901 terna

145 2917 221 2966 mitia
243 2917 378 2977 imperata
396 2914 542 2975 dicunturp
564 2926 634 2976 quae
653 2912 744 2962 omnia
762 2914 904 2962 Kranerns
927 2927 977 2976 pro
1002 2918 1077 2965 veris
1098 2922 1202 2980 ampie-

147 2999 199 3034 xus
218 2989 260 3033 cst
278 2995 305 3032 et
330 2984 357 3033 in
376 2983 497 3034 ordinem
514 2981 626 3044 recepit.
661 2980 788 3033 Ceterum
813 2982 850 3034 ci.
871 2984 934 3033 adn.
952 2985 989 3034 ari
1012 2998 1035 3036 c.
1054 2983 1073 3036 4
1092 2987 1118 3048 s.
1137 2993 1155 3039 6
1173 2992 1204 3039 et

148 3068 174 3104 c.
192 3053 227 3104 88
245 3053 272 3113 S.
290 3052 316 3103 4.
451 3054 453 3063 '

183 3140 296 3200 Veneti]
323 3134 419 3189 Vrsini
441 3137 511 3186 iiber
535 3135 563 3185 in
587 3136 700 3185 Emenri.
726 3133 803 3197 Lips.
823 3144 882 3195 sqq.
925 3134 957 3187 In
979 3136 1008 3192 s.
1027 3147 1054 3188 et
1075 3136 1146 3190 iinv.
1166 3145 1203 3193 Α.

152 3212 252 3261 Veneti
277 3211 340 3258 unte
360 3207 543 3265 Lemovices,
568 3204 598 3254 in
615 3204 698 3253 Vino.
718 3203 751 3253 Α.
780 3204 900 3254 Venctes
919 3205 1018 3255 ibidem
1037 3209 1155 3273 iegitur:
1175 3211 1204 3261 in

130 3281 264 3340 *reliquis
289 3279 365 3330 conc.
385 3278 453 3328 ouri.
472 3279 501 3325 et
520 3275 607 3340 meis,
633 3273 698 3324 item
721 3273 750 3323 in
768 3271 840 3324 Gott.
860 3273 928 3325 Wtr.
946 3274 1045 3335 (naor.
1066 3283 1156 3341 tacet)
1176 3283 1205 3330 et

150 3351 236 3398 liaeo.
255 3350 282 3397 et
302 3349 365 3397 Par.
383 3348 418 3400 A.
440 3353 469 3395 et
491 3345 520 3393 in
539 3344 599 3393 eid.
620 3351 682 3392 ante
700 3342 777 3404 Lips.
798 3341 928 3393 omissum
949 3358 1062 3408 eamque
1080 3352 1114 3399 ob
1137 3361 1205 3399 can.

152 3431 210 3467 sam
236 3417 351 3466 eiectum
375 3423 419 3464 est
445 3413 661 3476 oNippertieio‚
686 3411 731 3474 qui
751 3406 871 3461 Venetos
891 3426 924 3464 eo
944 3417 1031 3479 magis
1048 3418 1136 3468 omitti
1156 3430 1206 3480 pc-

151 3488 241 3538 tuisse
261 3488 444 3550 demonstrat,
468 3484 538 3548 quoti
556 3481 663 3532 caesar
680 3489 808 3544 quattuor
824 3481 902 3530 annis
919 3489 1000 3534 antea
1018 3489 1088 3536 omni
1109 3498 1206 3540 senatu

151 3568 245 3607 eorum
265 3563 361 3605 necato
379 3553 498 3615 retiquos
519 3555 569 3604 sub
586 3562 688 3603 corona
706 3550 891 3615 vendidisset,
917 3561 947 3601 ut
964 3553 1023 3615 ipse
1041 3560 1075 3620 3,
1096 3558 1128 3606 16
1146 3565 1206 3609 ret-

152 3627 224 3676 tniit.
260 3624 371 3673 Scilicet
387 3623 474 3672 omitti
491 3634 544 3672 non
561 3619 651 3670 minus
667 3622 828 3685 potueruut,
854 3631 933 3682 qnam
954 3623 1038 3687 Audi,
1057 3627 1102 3687 qui
1121 3639 1207 3690 snpra

155 3710 181 3747 c.
197 3693 231 3756 4,
250 3698 278 3742 et
294 3695 343 3743 aiii
360 3692 480 3741 eiusdem
496 3691 605 3754 generis
624 3691 732 3752 popuii,
752 3689 797 3750 qui
816 3694 841 3751 3,
861 3693 877 3737 9
896 3690 921 3750 S.
938 3691 955 3740 8
972 3696 1000 3740 et
1018 3697 1046 3755 2,
1065 3693 1100 3744 ct
1118 3698 1207 3746 nomi-

154 3774 271 3828 nantur,
290 3766 318 3813 ct
335 3774 430 3812 nomeu
448 3772 540 3810 eorum
559 3762 584 3808 b.
602 3761 620 3808 i.
640 3772 674 3810 ex
692 3759 815 3822 margine
834 3768 972 3819 receptum
992 3775 1056 3812 esse
1074 3765 1207 3832 codicum,

156 3835 203 3898 qui
222 3834 290 3883 iiind
309 3833 450 3895 exhibent,
475 3828 661 3892 discrepantia
679 3842 794 3891 arguere
816 3829 931 3878 videtur.
968 3831 1020 3881 Sed
1040 3835 1130 3884 tamen
1147 3838 1208 3885 Ve-

154 3912 279 3953 netorum
299 3914 428 3951 summam
447 3901 520 3948 inter
537 3896 694 3948 Armoricos
712 3899 902 3965 anctoritatem
921 3898 1009 3949 inisse
1028 3905 1061 3964 3,
1079 3905 1097 3955 8
1122 3903 1207 3954 tradi.

156 3978 213 4027 tum
233 3975 294 4036 cst,
313 3982 425 4032 poenam
443 3978 550 4031 autem,
568 3978 622 4028 qua
640 3968 745 4018 caesar
762 3963 914 4017 oebcitctos
935 3968 1082 4038 eiecerat,
1102 3972 1209 4023 minime

157 4044 194 4093 ac
211 4042 358 4091 tollendam
375 4049 480 4103 gentem
498 4036 623 4087 valuisse
642 4036 782 4087 Strabonis
799 4041 828 4085 et
846 4037 925 4087 Plinii
943 4039 1070 4091 memoria
1088 4042 1158 4093 iocis
1175 4044 1209 4093 ab

156 4112 264 4162 viverio
286 4126 312 4174 p.
331 4107 385 4161 act
406 4106 570 4171 significatis
592 4107 681 4157 docet.
723 4105 820 4166 ltaque
843 4106 1023 4160 verisimilius
1048 4115 1090 4160 est
1113 4122 1210 4161 nomeu

156 4182 327 4235 Venetorum
346 4183 371 4230 ii.
391 4181 409 4230 i.
427 4178 600 4234 librariorum
618 4174 802 4242 negligentia,
825 4178 988 4239 paesertim
1006 4180 1125 4242 proxime
1144 4181 1211 4231 uub-
