2700 4726
395 285 498 355 [ΛΒ.
522 286 608 357 Vll.
653 286 782 357 GAP.¹
798 291 844 356 34
923 340 926 352 .
1097 290 1163 369 431

73 477 135 545 34.
157 471 235 541 Hoc
257 471 391 539 decreto
411 474 613 563 interposito
629 476 824 543 cohortatus
840 474 1012 556 Haeduos,
1034 482 1072 541 ut
1086 497 1164 542 eon·

74 562 319 629 troversiarum
343 583 382 626 ae
404 559 625 630 dissensionis
648 565 928 632 obliviscerentur
942 574 1043 651 atque
1058 565 1164 630 omni-

73 651 142 718 hus
169 649 307 719 emissis
333 649 387 714 his
415 651 515 715 rebus
541 653 617 718 huic
644 652 733 718 belle
755 655 940 733 servirent,
982 674 1039 732 ea,
1076 673 1163 739 quae

75 738 462 824 meruissent-praemia
490 738 532 803 ah
568 761 606 805 se
633 739 764 805 devicta
783 739 903 807 ‚Gallia
931 743 1164 826 exspectarent

74 827 334 912 equitatumque
356 847 484 891 omnem
509 836 543 889 et
563 826 714 913 peditum
738 829 828 892 milia
847 827 895 895 X.
917 826 983 893 sibi
1005 827 1163 892 celeriter

71 915 264 1001 mitterent,
285 933 371 1001 quae
392 911 427 978 in
445 914 634 1003 ,praesidiis
654 917 705 980 rei
721 914 960 1004 frumentariae
976 935 1076 982 causa
1093 912 1164 979 ‹lis-

76 1009 237 1091 ponorct,
271 1000 454 1066 exercitum
491 1002 525 1066 in
557 1000 641 1067 duas
677 1011 792 1090 partes
828 1002 961 1069 divisit:
1004 1008 1207 1089 quattuor2

147 1177 217 1240 cap.
234 1174 277 1228 at.
295 1174 323 1236 S.
342 1178 356 1226 1
377 1175 574 1237 dissensionis]
592 1179 699 1246 „MSS.
717 1176 828 1230 multi.“
848 1179 933 1235 Voss,
950 1181 984 1228 A.
999 1179 1076 1242 agn.
1093 1180 1165 1231 Isev.

109 1248 186 1300 ticet.
204 1247 275 1296 Lbb.
295 1248 379 1309 Bong.
398 1243 455 1297 AC.
473 1248 537 1296 Per.
558 1249 592 1296 A.
611 1247 691 1299 carr.
709 1251 767 1299 ced.
787 1251 865 1300 Turr.
885 1250 944 1299 Pal.
963 1250 1012 1299 Dr.
1028 1251 1061 1300 A.
1081 1249 1165 1299 Vrat.

110 1315 188 1368 ABG.
219 1316 300 1366 (ioth.
319 1316 351 1364 ll.
374 1317 471 1368 lituro.
492 1315 575 1370 Vind.
595 1313 709 1369 BCDFI.
729 1319 781 1370 tiro.
799 1318 860 1371 edd.
880 1328 943 1368 ante
960 1320 1023 1370 Ald.
1043 1319 1073 1367 et
1093 1318 1166 1368 teste

111 1388 141 1437 ιιι
158 1385 240 1436 Νοιιι
255 1384 359 1434 Ursino
376 1386 512 1435 Faernus.
531 1386 667 1451 (disseca.
687 1388 761 1439 Gott.
780 1388 860 1439 Vrat.
879 1385 910 1439 C.
929 1386 1050 1439 discens.
1068 1387 1165 1438 Hanno.

110 1454 194 1507 vind.
211 1456 258 1515 li.)
275 1454 465 1507 dissensiones
482 1457 531 1506 Dr.
550 1457 580 1506 B.
599 1456 807 1508 dissensionum
825 1458 896 1506 And.
917 1458 968 1506 Ox.
990 1456 1039 1507 Cu.
1057 1457 1085 1506 S.
1104 1457 1166 1507 Pet.

109 1524 190 1579 heiu.
213 1526 248 1577 Α.
273 1519 379 1588 „alii“
402 1526 474 1577 liav.
492 1527 525 1574 ll.
542 1525 626 1576 vind.
645 1524 678 1576 A.
701 1527 764 1576 Ald.
786 1539 846 1589 sqq.
864 1539 917 1588 quo
936 1537 1050 1576 numero
1068 1527 1097 1575 et
1114 1538 1164 1576 su-

109 1596 225 1658 periore
250 1594 341 1655 capite
368 1592 394 1654 S.
421 1596 436 1642 1
463 1607 531 1644 usus
554 1599 597 1645 est
617 1594 707 1646 ethic
727 1597 767 1645 uti
786 1596 885 1657 potuit,
905 1595 936 1644 ut
954 1596 1165 1646 controversias

107 1665 178 1714 illas
205 1662 305 1712 civiles
332 1662 421 1712 luisse
453 1666 482 1713 ιι
508 1665 544 1715 ad
568 1678 625 1715 rem
648 1664 786 1727 publicem
811 1667 956 1727 spectasse
983 1662 1163 1728 significaret.

109 1734 167 1783 Sed
184 1731 350 1795 singularis.
361 1744 475 1783 causam
497 1737 526 1784 et
549 1734 685 1797 originem
702 1746 797 1784 earum
816 1735 845 1783 ιιι
862 1734 948 1784 antimi
966 1738 994 1784 ιι
1012 1735 1165 1785 studiorum

111 1803 279 1858 diversitate
297 1798 422 1880 positem'
434 1803 573 1868 ostendit,
599 1802 678 1852 cuius
697 1804 721 1853 si
737 1800 986 1865 doliviscerentur,
1006 1805 1069 1864 pius
1084 1805 1164 1854 lece-

109 1876 185 1937 rsut,
206 1871 325 1935 quamsi
338 1872 593 1923 controversiarum
604 1873 667 1921 iude
680 1875 805 1922 ortarum
816 1873 974 1928 memoriam
987 1875 1164 1934 decernerent.

146 1943 190 1993 nis
207 1942 304 2000 rebus]
321 1940 376 1990 diis
396 1952 423 1990 r.
443 1942 524 1991 Vret.
539 1942 591 1991 BC.
608 1942 704 1991 liano.
722 1942 766 1992 tris
783 1941 877 1991 tritas
890 1941 963 1994 Veu.
978 1944 997 1991 l.
1013 1943 1167 1993 prenomen
1191 1946 1193 1953 ’

109 2013 142 2062 in
158 2012 202 2061 ed.
224 2010 296 2059 Ven.
315 2022 341 2059 a.
360 2008 430 2062 1471
448 2013 520 2059 teste
532 2011 594 2059 Elis.
613 2012 642 2058 et
656 2009 686 2058 iu
699 2012 763 2059 Ber.
782 2011 913 2059 omissum
928 2012 1038 2060 Faerno
1052 2015 1168 2062 auctore

110 2081 196 2132 eiecit
216 2080 338 2141 Lipsius,
358 2092 439 2141 quem
457 2081 546 2128 secuti
565 2077 687 2128 suntin.
707 2078 756 2129 (ir.
776 2079 852 2147 Dav„
865 2079 907 2128 Cl.
927 2082 966 2143 et,
984 2093 1019 2129 ue
1037 2080 1078 2130 bis
1094 2081 1168 2131 idem

110 2152 237 2212 dicetur,
266 2148 460 2210 Nipperdeius.
496 2150 551 2198 Sed
570 2160 666 2198 omnes
683 2147 736 2197 ivos
754 2161 803 2199 res
825 2149 931 2198 Caesar
951 2161 1021 2210 uon,
1048 2151 1079 2198 ut
1098 2149 1167 2200 (lud.

109 2221 241 2284 putabat,
270 2217 481 2268 controversias
499 2220 528 2267 et
547 2217 737 2267 dissensiones
755 2217 833 2279 ipsas
852 2218 929 2281 dicit,
948 2218 998 2266 sed
1014 2229 1048 2266 ea
1065 2218 1168 2283 omnia,

112 2301 185 2353 quae
205 2288 317 2336 illarum
335 2298 422 2338 eausa
440 2288 530 2336 adhuc
555 2290 632 2337 tauto
651 2299 714 2336 curu
731 2287 822 2336 studio
846 2289 979 2351 egerant,
1014 2287 1100 2337 alteri
1116 2300 1168 2349 pro

110 2357 354 2423 Convictolitave,
385 2356 470 2407 elteri
495 2367 547 2418 pro
567 2355 636 2407 Coto
659 2359 772 2407 summis
793 2356 890 2418 opibus
908 2358 1073 2420 pugnantes.
1108 2357 1168 2408 lias

111 2442 161 2483 res
179 2427 339 2478 omittentes
359 2424 525 2488 omissisque
543 2427 606 2476 uuio
623 2425 696 2477 bello
716 2425 873 2497 servientes
892 2425 1067 2476 satisfacturi
1086 2428 1169 2477 erent

112 2496 250 2558 Caesari,
274 2508 364 2557 neque
384 2499 446 2544 erat
464 2497 536 2559 quod
554 2508 651 2547 corones
667 2507 717 2546 res
737 2495 865 2547 omittere
882 2508 932 2546 eos
951 2495 1068 2547 iuberet.
1103 2495 1169 2549 ulia

112 2568 224 2619 ratione
242 2565 397 2628 Stephanus
412 2565 592 2630 tautologiae,
604 2577 691 2627 ‚quam
703 2565 853 2627 putaverit,
870 2577 1021 2616 occurrens
1036 2565 1169 2617 etamsi·

112 2639 164 2689 oss
181 2633 303 2698 onsissts,
321 2633 367 2684 lais
387 2634 480 2699 reive,
497 2635 565 2701 tete
575 2634 647 2688 delto
662 2635 813 2686 servirent
824 2634 998 2700 distinguens
1012 2635 1169 2689 orationem

109 2707 272 2771 languidam
290 2703 419 2754 reddidit.

146 2787 191 2838 es,
212 2775 297 2839 quae]
315 2775 403 2834 etque
420 2784 493 2838 qaue
511 2770 589 2820 Leid.
608 2772 642 2822 A.
662 2771 746 2824 vind.
764 2773 799 2821 A.
821 2785 856 2823 eu
875 2784 972 2822 omnes
990 2773 1038 2822 Dr.
1051 2775 1085 2823 A.
1103 2785 1169 2824 arn.

112 2858 157 2909 pr.
175 2857 210 2897 eu
229 2855 302 2908 quoe
321 2853 418 2892 omnes
443 2842 513 2891 idem
532 2852 549 2890 a
569 2852 604 2890 ιιι.
625 2852 684 2890 seo.
703 2842 732 2890 et
749 2839 833 2893 Vind.
853 2842 883 2890 B.
904 2855 994 2905 eoque
1014 2854 1088 2907 quae
1108 2844 1170 2892 edd.

110 2927 209 2967 omues
235 2913 352 2972 excepta
377 2908 431 2963 inc.
455 2913 485 2960 et
507 2922 597 2975 eaque
622 2910 651 2960 in
675 2911 818 2961 nonnullis
838 2911 915 2960 codd.
932 2914 962 2960 ut
984 2911 1014 2961 in
1032 2913 1116 2976 Boug·
1135 2914 1170 2965 A.

110 2985 153 3035 Pl.
172 2985 245 3033 llav.
263 2981 296 3033 Α.
314 2980 524 3044 scriptumest,
544 2991 635 3042 ecesse
653 2991 726 3042 quae
743 2980 772 3029 ιιι
791 2981 868 3031 uullo
886 2981 1028 3042 repertum
1048 2981 1169 3031 videtur.

110 3054 181 3108 cum
200 3062 306 3113 eorum,
324 3060 396 3110 quae
415 3047 521 3098 caesar
540 3048 670 3099 Haeduos
688 3051 719 3097 ιιι
735 3049 842 3099 faciunt
858 3052 994 3114 hortatur,
1012 3062 1067 3100 non
1078 3051 1169 3100 omni-

111 3137 159 3175 um
177 3123 273 3172 eadem
291 3119 364 3170 ratio
377 3121 405 3168 et
419 3119 531 3168 tertium
545 3118 652 3178 pariter
665 3129 699 3167 ac
712 3118 830 3179 primum
842 3120 932 3182 magis
944 3120 973 3170 in
989 3121 1169 3183 cogitatione,
1210 3119 1214 3127 '

109 3193 263 3247 secuudum
281 3190 310 3238 et
328 3191 455 3251 quartum
475 3186 505 3238 iu
521 3187 632 3238 actione
651 3187 772 3247 positum
790 3189 844 3252 sit,
878 3191 955 3238 recte
975 3189 1087 3237 tertium
1107 3189 1170 3240 sine

111 3263 215 3326 copula
232 3257 362 3309 adiicitur
379 3259 517 3322 secundo,
549 3268 603 3321 qua
618 3257 714 3307 addita
731 3258 861 3322 nescias,
890 3260 983 3307 utrum
1002 3259 1054 3307 duo
1073 3260 1169 3318 poste-

110 3332 190 3385 riora
210 3342 272 3380 cum
293 3328 398 3379 duobus
417 3328 572 3394 prioribus,
596 3338 633 3377 au
651 3325 763 3377 tertium
780 3339 842 3378 cum
860 3328 981 3379 secundo
999 3326 1077 3392 iungi
1094 3328 1170 3378 scri.-

111 3405 177 3467 ptur
194 3397 327 3449 voluerit.

147 3468 216 3531 sibi]
231 3480 285 3519 on.
302 3465 374 3516 Med.
394 3477 420 3516 a.
439 3466 511 3517 Ven.
528 3466 607 3518 bede.

131 3622 200 3683 cap.
219 3619 264 3672 34.
285 3619 311 3681 S.
331 3623 346 3672 1
374 3621 437 3672 lmic
457 3622 527 3673 bello
543 3632 604 3675 ser·
646 3616 755 3671 itineris
777 3616 821 3671 sui
841 3617 975 3669 certiores
992 3618 1093 3670 iecisse
1109 3619 1172 3681 ext-

77 3689 185 3758 vireut]
203 3690 247 3745 cs.
265 3693 329 3743 adn.
348 3692 383 3741 ad
401 3693 429 3755 4,
446 3691 462 3742 5
479 3691 506 3751 S.
524 3695 550 3742 3.
647 3689 797 3740 stimandus
814 3696 866 3738 est.
901 3688 997 3751 ltaque
1012 3701 1038 3744 c.
1054 3690 1090 3741 38
1104 3693 1132 3757 s.
1153 3695 1169 3747 1

130 3761 186 3812 sibl
212 3761 342 3811 celeriter
370 3760 520 3819 mitterent]
551 3769 606 3810 ιιιιι
647 3760 741 3809 decem
763 3758 814 3809 illa
837 3755 914 3809 milia
937 3757 1056 3820 peditum
1073 3762 1172 3817 eudem

76 3832 231 3894 Decetiam,
249 3830 294 3881 ubi
309 3838 365 3881 ιιιιιι
379 3829 450 3894 ιιιι,
468 3831 516 3879 sed
529 3829 605 3895 illue,
647 3827 784 3892 proticisci
802 3825 934 3877 videmus.
1253 3888 1255 3894 y

76 3902 126 3953 nbi
159 3902 271 3952 muros
303 3907 380 3949 essee
398 3909 443 3948 ·eo
474 3902 606 3963 tenpore,
700 3894 1172 3962 quaeinprecatus-disponeret]

77 3983 132 4036 quo
158 3971 275 4032 paratae
298 3971 390 4021 forent
419 3967 514 4029 copiae
538 3968 605 4018 illae
647 3967 674 4017 ιι.
695 3978 721 4015 e.
738 3966 795 4030 ita,
813 3973 843 4015 ut
860 3967 954 4017 essent
970 3966 999 4017 iu
1015 3968 1170 4030 praesidiis.

77 4048 225 4102 equestres
249 4040 278 4089 ιι
302 4039 452 4101 pedestres.
494 4037 606 4097 Petebat
648 4034 920 4098 cr.1,4as.eio
936 4037 1092 4090 madetis.

77 4110 172 4163 saun
198 4107 383 4175 Gergoviam,
414 4107 494 4170 idque
517 4105 606 4168 ipsum
697 4104 845 4155 exercitum
863 4103 891 4155 in
907 4106 976 4159 duas
991 4110 1084 4169 partes
1098 4103 1172 4159 divi·

77 4177 211 4235 decuisse
234 4176 364 4232 nseonos
387 4179 418 4229 ιι
437 4178 472 4229 de
500 4176 606 4231 ratione
647 4173 700 4236 sit]
717 4176 759 4229 lix
777 4175 819 4229 lus
833 4172 971 4229 vertisse
985 4174 1080 4242 exiis,
1100 4186 1171 4241 quae
