2700 4726
330 402 335 411 .
412 299 519 381 ιιι.
541 296 624 381 vn.
667 303 854 381 nunu
898 293 902 302 '
1103 304 1173 382 cn

85 503 217 574 Hostes
242 520 282 566 re
312 495 446 582 cognitu
472 496 515 563 cb
540 497 601 582 iis,
637 496 696 585 qui
724 451 910 566 Metiosedo
940 464 1215 588 profugeranbb
1242 583 1245 587 ῃ

85 590 258 696 polabiam
281 585 412 692 incendi
434 592 620 673 pontesque
641 587 714 692 eius
738 588 851 744 oppidi
873 591 1016 656 rescindi
1037 589 1172 695 iubent3

84 700 155 769 oper
184 677 329 774 proiecti
364 697 382 740 a
414 675 535 764 palude
570 675 612 741 ad
644 696 738 763 ripas
799 697 948 762 equanae
982 699 1001 743 e
1036 698 1173 763 regione

155 883 181 945 s.
202 886 220 934 c
239 883 287 944 su]
307 882 363 933 nors
380 882 453 933 acti.
471 883 551 935 vrci.
568 879 647 933 nnc.
667 852 764 932 uano.
789 881 833 933 nu
851 885 936 936 voss.
957 886 992 936 A.
1010 884 1094 937 rone.
1110 885 1175 939 mr.

122 957 155 1005 A.
178 954 249 1003 liar.
271 956 304 1003 A.
324 955 371 1005 Dr.
392 955 447 1006 AB.
473 954 525 1004 Gn.
543 954 625 1003 vind.
643 952 759 1006 ABCFI.
777 952 849 1010 Ven.
866 955 938 1005 odei.

156 1039 216 1103 qui]
239 1041 322 1103 Bcug.
339 1042 372 1090 A.
393 1032 475 1092 Voss.
499 1041 533 1088 A.
557 1037 632 1088 Leid.
651 1041 684 1087 A.
702 1035 843 1104 „aliique“
863 1040 922 1090 l’et.
942 1039 1027 1091 cond.
1049 1043 1121 1095 lieu.
1140 1037 1175 1094 A

78 1117 81 1127 ⁸
123 1109 171 1160 Dr.
197 1112 231 1161 A.
255 1109 337 1158 Vind.
357 1108 411 1158 AB.
438 1111 477 1158 Sl.
517 1106 583 1157 nius
611 1107 671 1157 icco
696 1109 723 1157 in
746 1109 819 1158 Goon.
841 1121 959 1158 vacuum
983 1111 1176 1179 octonalium,

125 1180 174 1243 qui
193 1179 229 1228 de
247 1179 325 1227 Vrec.
346 1180 376 1228 B.
397 1180 463 1243 quia
482 1177 579 1238 reliqui
596 1184 624 1223 en
642 1178 702 1226 edd.
724 1186 837 1239 praeter
855 1182 893 1227 Sl.
912 1189 1015 1231 omnes.
1049 1181 1129 1231 Ferri
1147 1174 1177 1231 id

123 1260 229 1314 qnoque
249 1255 347 1312 polest,
364 1249 413 1296 sed
427 1248 573 1297 secundum
586 1245 696 1296 codices
713 1259 762 1308 pro
775 1248 942 1316 glossemate
958 1250 1107 1300 babendum
1123 1257 1177 1300 est.

69 1329 81 1338 ‘
156 1317 319 1375 bleriosedo]
340 1317 382 1367 Cf.
398 1318 461 1367 adn.
479 1317 514 1365 ad
531 1317 557 1378 s.
576 1318 604 1364 2.

156 1387 346 1447 profugerant]
365 1387 436 1436 flav.
453 1390 485 1434 A.
506 1384 586 1434 Vind.
600 1386 632 1433 A.
652 1385 714 1434 Ald.
729 1398 786 1450 sqq.
804 1385 1005 1452 proserperent
1018 1387 1077 1440 Pet.
1090 1387 1177 1440 Gond-

124 1456 266 1522 fnpernnt
290 1458 391 1521 „briss
410 1453 561 1517 pleriqiie“
580 1455 662 1503 Voss.
681 1457 714 1505 A.
735 1456 810 1508 Gott.
837 1457 1100 1519 Egn1.-d.nb.ilcng.
1119 1456 1178 1515 AG.

124 1526 185 1575 l‘al.
210 1523 286 1574 Gerr.
313 1526 371 1573 cod.
390 1527 476 1587 burn,
495 1523 557 1573 Per.
577 1525 637 1572 Aa
656 1535 690 1576 m.
710 1537 768 1575 sec.
787 1526 941 1592 (superent
961 1537 1030 1580 arn.
1050 1529 1109 1588 pr.)
1128 1529 1176 1578 Dr.

123 1596 180 1644 AB.
203 1594 283 1642 Vrat.
306 1592 384 1644 Aac.
412 1594 490 1643 Gobii.
511 1595 567 1643 AB.
595 1595 689 1641 Hamb.
718 1595 771 1646 Gn.
800 1595 881 1646 vind.
907 1596 999 1646 licui.
1026 1598 1086 1649 edd.
1112 1605 1185 1648 autc

124 1665 188 1716 Ald.
224 1662 266 1712 ci.
286 1663 347 1712 adn.
366 1676 404 1713 cr.
424 1664 458 1712 ad
478 1659 599 1723 ediis.
618 1666 644 1712 3.
1098 1718 1101 1729 Ι

158 1732 276 1791 incendi]
295 1733 452 1783 incendunt
469 1732 528 1782 Pet.
546 1732 623 1780 Leid.
649 1730 682 1782 A.
707 1731 779 1783 flav.
798 1736 830 1786 A.
847 1733 929 1784 vind.
948 1736 981 1784 A.
1000 1735 1067 1786 0nd.
1086 1736 1112 1784 2.
1131 1730 1177 1784 cui

125 1806 244 1863 sequens
261 1802 316 1861 iusi
333 1804 433 1851 obstat.

160 1871 279 1934 proiecti
298 1872 328 1930 a]
347 1871 397 1920 Cu.
415 1872 443 1919 S.
461 1869 520 1918 Pel.
540 1868 617 1919 Leid.
637 1871 671 1919 A.
686 1868 799 1918 Persii.
819 1868 900 1921 Vind.
919 1873 952 1920 A.
969 1871 1054 1922 Vasc.
1073 1873 1112 1921 st.
1129 1870 1177 1921 Gr.

126 1941 152 1988 b.
170 1936 286 2003 (Freil.)
303 1956 331 2004 p.
349 1941 383 1990 ob
401 1940 472 1988 liav.
492 1939 525 1987 A.
546 1937 594 1987 Gr.
612 1951 638 1987 a.
657 1939 736 1988 Turn.
751 1940 883 2004 profecti
900 1941 967 1990 And.
989 1941 1039 1989 01.
1057 1939 1117 1990 Ald.
1133 1942 1178 1991 ab.

124 2009 157 2062 Ρ.
177 2011 248 2060 Man.
272 2009 347 2071 nipe.
364 2011 405 2060 lu.
426 2009 474 2060 Gr.
492 2009 562 2059 Dav.
577 2006 618 2056 cl.
633 2010 788 2069 perspecto
805 2011 879 2075 „duc
892 2006 961 2058 alii“
975 2012 1033 2059 cod.
1047 2011 1080 2060 D.
1095 2011 1180 2059 Voss.

125 2079 205 2132 carr.
227 2081 315 2127 lirani..
344 2081 403 2129 cod.
429 2079 506 2128 Turr.
538 2078 720 2126 (ictu-Fabr.
745 2077 813 2126 libb.
836 2079 995 2140 prospecto
1025 2076 1179 2142 „reliqni“

125 2151 212 2198 voss.
232 2151 270 2196 A.
292 2149 366 2210 iigm.
391 2149 460 2195 bor.
485 2148 566 2208 Bong.
585 2145 640 2194 Ac,
658 2147 719 2194 Pal.
744 2146 805 2195 Par.
826 2149 858 2194 A.
877 2147 951 2196 (icti.
971 2148 1039 2198 Wba
1057 2149 1105 2199 Dr.
1122 2149 1178 2198 Aa.

126 2219 208 2269 Vral.
224 2217 302 2267 Aac.
323 2217 402 2273 Goth.
422 2217 477 2265 AB.
497 2216 594 2265 ilamb.
613 2216 665 2266 liu.
683 2213 765 2264 Viud.
784 2215 925 2265 nonnul.
941 2217 1002 2267 edd.
1021 2224 1084 2266 alite
1100 2217 1164 2285 Alii.

129 2348 132 2354 .
163 2305 198 2353 ed
225 2303 311 2364 ripas]
344 2300 422 2365 „mei
445 2301 522 2349 MSS.
551 2302 632 2361 Bong.
650 2299 796 2361 vossium,
821 2289 928 2350 Lorac.
949 2300 1180 2353 elbeiii“ccd.

128 2371 219 2424 ciacc.
246 2374 338 2420 lirani.
367 2372 448 2432 Bong.
473 2370 503 2419 c.
530 2369 589 2420 Pal.
613 2371 677 2419 Par.
699 2371 731 2417 A.
758 2369 831 2420 Gcll.
857 2371 926 2421 Wb.
953 2372 999 2420 Dr.
1018 2374 1072 2421 All.
1099 2367 1178 2423 Vtut.

126 2442 206 2495 Aac.
231 2443 308 2493 dccc.
327 2439 384 2493 An.
401 2440 498 2489 Hamb.
519 2439 571 2488 Gn.
590 2437 669 2492 Vind.
688 2438 787 2488 EGDE.
807 2440 866 2488 edd.
885 2448 949 2490 aulo
968 2441 1031 2492 Alc.
1051 2444 1130 2492 Turr.
1148 2441 1188 2492 c'n‘·

128 2512 211 2575 ripae
227 2513 297 2562 flav.
307 2513 339 2559 A.
357 2509 500 2562 vinduil.
509 2509 540 2558 in
554 2507 621 2570 ripa
634 2507 712 2556 heid.
719 2508 753 2555 A.
762 2507 793 2557 iu
807 2508 881 2575 ripis
888 2507 949 2558 Ald.
960 2513 988 2559 et
994 2524 1051 2574 sqq.
1061 2514 1181 2575 excepta

44 2637 46 2641 ,
129 2584 210 2632 Turn.
244 2581 316 2630 Male
329 2578 491 2630 ciacconius
507 2579 650 2639 legendnm
667 2577 780 2639 putabas
791 2579 919 2639 proiecti
929 2579 1036 2643 pmude
1047 2593 1081 2631 oc
1093 2580 1179 2643 ripis.

129 2650 209 2711 Bipis
232 2651 304 2699 enim
330 2649 440 2711 protegi
463 2647 539 2697 Galli
560 2646 666 2696 omnino
690 2658 744 2695 nou
770 2654 901 2706 poteraut.
944 2650 1006 2698 Non
1032 2651 1120 2713 iungis
1145 2650 1182 2700 ils

130 2717 210 2784 palus
228 2718 294 2783 illa,
319 2718 398 2766 cuius
416 2715 536 2765 transitu
557 2715 748 2776 prohibueram
767 2698 921 2781 Bimanos,
940 2730 1000 2767 cum
1020 2718 1046 2766 ni
1063 2720 1092 2768 iu
1110 2721 1181 2769 alic·

130 2801 190 2840 rain
209 2789 351 2851 Sequanae
373 2786 459 2846 ripam
485 2785 663 2846 transissent,
691 2783 882 2834 munimentum
908 2786 1039 2844 praebere
1063 2795 1182 2852 poterae,

130 2864 219 2920 neque
246 2860 279 2906 de
305 2855 360 2906 alic
385 2866 473 2904 sermo
490 2854 552 2906 luic.
595 2854 694 2902 'samen
713 2853 961 2917 protectipolude
979 2854 1061 2905 etiarn
1083 2855 1199 2919 vossio⁴
1288 2880 1290 2889 ·

131 2935 160 2977 el
177 2924 364 2986 Oudendorpio
389 2926 443 2973 non
465 2921 643 2983 improbabile
660 2920 750 2971 virum
766 2927 819 2986 eet,
837 2923 1003 2985 eandemque
1021 2925 1049 2974 in
1071 2935 1183 2976 senceu-

83 3011 86 3017 ·
132 2995 209 3060 llam,
226 2997 275 3043 sed
294 2994 434 3056 aliquanto
451 2992 555 3055 durius,
573 2992 689 3041 'rhomae
706 2990 845 3040 neuileius
864 2992 972 3044 obieeta
985 2995 1092 3056 palude
1110 2993 1183 3045 scri-

132 3066 247 3116 bendum
265 3062 390 3128 censuri,
411 3062 437 3110 N
441 3060 594 3123 ipperdeiue
611 3072 677 3111 vero
692 3058 826 3123 proiecto
843 3063 948 3123 palude
965 3063 1085 3126 scripsit,
1104 3064 1185 3126 quasi

133 3135 257 3197 palndem
277 3128 351 3190 uelli
369 3132 440 3180 sicut
458 3140 586 3192 aggerem
604 3136 650 3178 cut
667 3137 760 3179 crates
773 3142 865 3178 secum
881 3131 1016 3183 duxerim.
1049 3130 1184 3184 conside-

132 3203 198 3254 bant
217 3202 297 3262 enim,
317 3201 414 3265 inquii,
430 3207 492 3260 pcsc
509 3198 643 3262 paludem,
660 3201 692 3247 ut
709 3202 736 3246 ct
750 3199 876 3259 sequena
891 3203 920 3248 et
939 3201 1037 3262 palude
1054 3202 1185 3269 deiende-

132 3281 237 3324 rentur.
274 3271 350 3330 ocod
365 3270 495 3333 quomodo
514 3267 574 3316 deri
589 3267 719 3332 potuerit,
738 3270 767 3315 ut
784 3267 864 3316 iidem
881 3271 949 3330 poet
963 3272 1089 3332 paludem
1106 3278 1134 3320 eb
1148 3273 1185 3322 ad

134 3343 279 3403 Sequanae
301 3340 377 3402 ripae
400 3341 507 3390 contro
528 3337 646 3387 Labieni
665 3338 759 3386 castre
777 3338 966 3403 considerem,
989 3351 1041 3389 non
1059 3343 1185 3402 apparel.

133 3412 188 3461 Sed
207 3409 294 3458 ominis
312 3409 371 3457 eins
389 3405 534 3470 dispunctio
552 3405 619 3456 tells
638 3409 700 3469 est,
731 3407 761 3453 ut
779 3407 887 3455 dubium
907 3407 961 3472 sit,
994 3413 1082 3460 ulrum
1101 3408 1186 3477 serlo,

134 3493 170 3532 au
195 3480 277 3528 aliter
294 3477 426 3540 loquatur.
460 3478 518 3528 Non
536 3479 612 3526 recle
630 3475 762 3541 profecti
779 3489 797 3524 a
814 3476 920 3538 palude
937 3476 981 3525 edi
1004 3476 1051 3527 nit.
1087 3480 1187 3543 „Nam

135 3548 232 3612 exiis,
251 3560 320 3610 quae
339 3558 362 3595 o.
381 3547 418 3606 57
435 3552 462 3595 el
476 3547 637 3611 paululante
657 3552 811 3623 neptunium
830 3548 946 3604 epularet
963 3546 1097 3613 paludem,
1116 3560 1186 3610 quac

134 3618 180 3667 nic
201 3626 440 3677 commemorarer,
460 3617 506 3664 ant
524 3615 558 3667 in*
570 3618 684 3676 diraque
700 3613 759 3674 ripa
777 3614 920 3676 Sequanae
939 3615 1025 3666 inisse
1043 3625 1089 3665 auc
1106 3617 1134 3669 in
1153 3630 1188 3671 ea

135 3689 256 3749 tanturn,
276 3699 346 3748 quae
362 3683 489 3735 Luteciae
507 3691 567 3733 erat
581 3680 756 3733 contraria.“
778 3683 808 3732 ln
828 3686 942 3746 utraque
960 3684 1021 3745 ripa
1039 3687 1118 3746 palus
1136 3701 1188 3736 ne-

137 3768 189 3820 qne
205 3764 366 3818 propterea,
391 3754 460 3818 qnod
476 3755 610 3814 perpetua
626 3753 742 3818 dicitur,
763 3764 850 3815 neque
867 3752 951 3804 eliam
969 3755 1092 3823 obrem,
1117 3768 1189 3820 quac

98 3921 132 3972 in
153 3923 305 3974 Arvernos
328 3923 367 3972 od
391 3920 525 3985 oppidum
548 3919 625 3973 Ger·
665 3924 787 3984 traceio,
803 3934 955 3991 occursum,
968 3926 1192 3980 scdminuscnu·

96 3992 216 4055 ponium
230 3992 386 4042 secundum
399 3992 505 4056 {iumen
513 3991 626 4043 Elocer
666 3994 722 4041 turn
748 3994 840 4056 esset,
872 4008 909 4045 ne
931 3996 1110 4046 Metiosedum
1130 3997 1193 4048 bc·

98 4050 197 4113 duait!
239 4061 269 4111 si
294 4061 379 4124 igitur
400 4063 426 4110 li.
450 4061 625 4124 1.scriptnm
667 4063 763 4112 bienue
780 4074 835 4113 non
855 4066 1003 4116 secundum
1017 4068 1117 4115 flumen
1134 4066 1190 4134 ilci·

96 4124 177 4182 esset
196 4131 351 4181 secuudum
369 4130 490 4194 flumen,
516 4130 542 4180 ei
579 4131 624 4182 ui·
665 4131 785 4193 iecisse,
813 4135 864 4185 sed
881 4136 939 4190 alia
957 4135 1006 4186 via
1023 4135 1190 4200 pervenisse

96 4202 160 4255 dem
176 4199 284 4264 errori,
309 4199 339 4253 in
356 4212 435 4267 quem
452 4199 550 4254 incidit
590 4213 622 4254 c-
665 4199 817 4255 videretur.
