2700 4726
388 296 491 373 ΗΒ.
514 298 596 368 vlt.
642 295 765 370 cAP.
788 301 845 369 20.
1087 306 1155 376 387

61 483 110 552 'ad
140 500 225 596 suos
240 482 415 569 redisset,
452 485 656 593 proditionis
678 486 906 567 insimulatus,
928 487 1017 593 quod
1040 495 1171 595 apstra·

60 571 411 749 titttit'tttt
432 576 1152 752 tttttttttttitpttttttttti

62 748 159 837 quod
182 749 257 815 eius
280 748 434 817 discessu
452 749 597 817 Romani
620 759 717 816 tanta
736 752 990 838 opportunitate
1014 759 1049 818 at
1063 755 1151 819 calo-

62 838 170 904 ritttta
194 836 383 905 venisseut:
415 859 480 904 uon
501 839 581 904 huso
603 839 714 903 omnia
736 839 879 904 fortuito
900 844 961 904 ant
980 838 1053 905 sino
1074 863 1152 907 con·
1277 914 1280 925 ¹

63 926 146 994 silio
180 924 334 991 accidere
370 927 544 1016 potuisse,
582 947 721 1012 ragnum
757 925 854 991 illum
886 924 1019 993 Galliae
1050 930 1194 995 mallet

95 1098 108 1117 ‘
133 1114 201 1179 cap.
229 1113 273 1164 2ο.
296 1116 326 1181 s.
351 1119 366 1167 t
392 1114 581 1177 insimulatus]
614 1115 805 1167 insimulatur
827 1117 886 1166 cod.
906 1109 998 1166 Ctacc.
1018 1116 1103 1168 Voss.
1123 1119 1154 1172 r.

94 1182 218 1241 vinti]
237 1184 300 1244 (1.]·
333 1185 420 1238 Vasa.
438 1187 541 1250 saliit.
560 1187 584 1235 b.
599 1185 716 1246 (tran.)
732 1179 916 1253 κατηγορήθη
928 1187 995 1236 stet.
1030 1187 1154 1242 Verbum

96 1255 204 1304 tinitutn
231 1255 542 1316 praeadamitarum
563 1267 684 1305 errorem
706 1255 833 1303 inductus
859 1253 1077 1318 interpunctione
1094 1271 1154 1310 ma-

95 1324 173 1374 xima
189 1322 253 1383 §.2
271 1328 334 1384 post
351 1324 484 1388 decencia
502 1324 529 1376 tu
546 1326 606 1374 edd.
623 1335 688 1375 aute
705 1321 793 1384 ipsum
814 1322 951 1387 plerisque
969 1323 1077 1393 posita,
1099 1339 1153 1390 quo

96 1400 191 1444 tamen
211 1392 273 1443 ioco
288 1391 343 1442 iam
366 1393 497 1445 carnus
514 1402 590 1444 recte
608 1395 689 1445 colon
704 1392 819 1443 fecorat.

133 1461 261 1529 tortutto]
292 1463 364 1528 „lta
383 1463 417 1517 ii.
435 1465 525 1523 stopn.
544 1462 619 1514 scat.
636 1465 665 1512 et
682 1461 732 1513 atii
749 1461 898 1510 ediderunt.
934 1463 1023 1524 atque
1040 1461 1066 1512 td
1086 1475 1154 1515 sane

96 1530 195 1582 iuveni
220 1530 249 1580 in
269 1532 351 1584 voss.
369 1545 409 1592 pr.
428 1532 506 1583 Laid.
523 1530 684 1594 qrrscang.
702 1530 779 1581 held.
796 1541 854 1580 sec.
873 1531 1003 1592 strong.
1022 1543 1063 1592 pr.
1083 1545 1152 1585 am.

95 1604 157 1652 r'ec.
175 1602 205 1649 et
218 1600 303 1664 Boug.
316 1615 359 1663 pr.
377 1611 443 1663 am.
457 1613 516 1651 sec.
534 1602 704 1661 testaturque
719 1598 836 1649 Ursinus
848 1611 899 1659 per
912 1613 929 1649 o
942 1600 1074 1661 scriptum
1086 1615 1154 1664 quo-

96 1681 152 1733 qne
165 1681 231 1719 esse
244 1670 273 1720 tn
289 1681 339 1720 suo
358 1680 392 1719 ac
407 1671 543 1721 vaticano
556 1670 615 1720 cod.
650 1669 683 1718 ln
696 1665 810 1731 reliquis
823 1669 900 1718 MSS.
913 1672 942 1719 et
948 1670 1013 1720 uto.
1027 1673 1072 1720 est
1085 1672 1155 1737 ror·

96 1735 218 1789 tuito.“
260 1739 293 1788 tu
317 1741 359 1788 ed·
377 1739 449 1789 scat.
470 1739 602 1807 fortuita
618 1736 673 1801 tegi
690 1738 810 1787 testatur
827 1737 947 1802 attera,
977 1750 1064 1802 neque
1078 1740 1155 1793 atiud

95 1806 201 1871 legitur
218 1807 245 1856 in
265 1810 322 1871 lu.;
345 1809 396 1858 sed
412 1809 518 1858 Graan.
534 1820 595 1858 cunr
608 1806 700 1868 steph.
718 1807 798 1856 habet
816 1806 965 1872 fortuito,
983 1808 1107 1872 idemque
1124 1810 1155 1863 in

96 1876 185 1941 Βοῦς.
211 1872 245 1926 Α.
270 1877 304 1926 de
326 1888 378 1938 quo
403 1878 494 1927 relata
511 1878 547 1927 ab
566 1876 634 1927 oud.
650 1877 840 1939 typographus
857 1876 994 1941 corrupit,
1023 1879 1154 1941 scriptum

97 1958 165 1995 esso
191 1944 330 2011 sitentium
353 1946 495 1997 Pliscnkii
520 1947 607 1995 docet.
648 1945 690 1994 De
711 1954 762 1993 suo
788 1952 816 1992 et
833 1944 971 1994 Vaticano
989 1945 1107 1998 Ursiuus
1123 1947 1161 2000 in.

95 2014 233 2080 Emeum,
266 2015 299 2064 de
323 2028 373 2066 suu
398 2017 458 2068 solo
483 2012 513 2064 in
531 2012 609 2064 Notis
635 2011 712 2062 dixit.
747 2012 789 2061 Da
806 2010 891 2062 Voss.
909 2010 943 2060 Α.
963 2013 1051 2077 idem,
1082 2019 1154 2080 quod

97 2084 187 2145 ond„
205 2084 440 2146 tormentata,
460 2084 538 2133 ouius
556 2084 590 2132 de
608 2080 722 2145 reliquis
738 2077 804 2145 (cu.
821 2080 880 2130 Pet
898 2080 971 2130 (tort.
989 2084 1066 2146 Egra.
1083 2086 1155 2138 bor.

96 2152 150 2205 Ιώ.
168 2152 255 2212 Lot.)
273 2152 410 2204 sitentium
430 2151 607 2219 fortititudo
626 2149 663 2199 tis
680 2159 743 2197 asse
760 2147 874 2210 iudicat,
893 2153 924 2201 ut
941 2149 969 2199 in
989 2151 1048 2201 Pet.
1069 2154 1154 2219 Bong.

96 2220 132 2289 c.
155 2222 215 2272 Psi.
239 2220 379 2272 silentium
403 2222 507 2285 cond.;
539 2229 620 2283 atque
638 2220 671 2269 de
690 2219 763 2268 Gott.
782 2218 912 2268 disertum
929 2224 1022 2271 exstat
1041 2223 1156 2274 whittii

97 2290 296 2346 testiinonium.
338 2292 369 2341 ln
386 2293 451 2344 Par.
471 2287 505 2340 Α.
525 2301 593 2340 om.
613 2301 653 2352 pr.
676 2285 822 2355 fortuito,
844 2299 862 2338 a
881 2300 917 2338 m.
936 2301 992 2339 sec.
1010 2291 1154 2358 fortuitu,

63 2356 68 2367 '
99 2358 220 2413 tuttav.
237 2362 273 2411 tt.
292 2358 375 2411 vind.
392 2358 425 2414 A.
445 2361 591 2427 fortuito,
615 2357 664 2408 sed
682 2359 710 2408 in
727 2359 777 2408 noc
793 2368 814 2407 tt
831 2368 915 2422 super
932 2370 949 2408 o
966 2358 1079 2424 legitur.
1109 2364 1167 2414 ttx'

65 2531 164 2596 hquot
180 2527 362 2591 motatrota',
382 2531 453 2593 quod
470 2532 594 2593 praefert
635 2539 720 2594 quam
747 2538 786 2580 aa
809 2525 995 2581 Mauritania
1017 2540 1075 2583 rac
1098 2532 1158 2588 Le·

64 2598 224 2666 numptius,
241 2599 524 2662 quiaadmioistrato
539 2612 593 2650 nou
631 2597 734 2663 ptasta
755 2596 933 2661 proditionis
958 2596 1159 2657 tanimutatom

60 2668 207 2735 ‚fignificat
222 2669 294 2732 quod
311 2669 425 2732 debeat,
449 2668 593 2737 praedita,
633 2679 698 2719 com
710 2666 872 2717 custoditus
882 2667 1014 2719 intrarat.
1032 2669 1159 2726 ceterum

65 2736 174 2802 mio,
191 2739 242 2788 sed
254 2738 323 2799 quud
337 2736 455 2799 ineptum
469 2738 515 2800 ait,
529 2739 592 2790 iilos
632 2735 752 2788 dubitari
769 2743 873 2800 potest,
904 2749 922 2788 a
940 2749 1054 2800 quonam
1071 2754 1159 2795 occu.

65 2808 94 2861 st
106 2806 152 2859 rei
169 2807 340 2870 praepositos
356 2818 428 2858 esse.
462 2805 593 2858 Admini-
633 2815 712 2858 satus
730 2803 768 2853 sit
784 2804 1010 2871 Vercingetorix,
1028 2822 1080 2860 uec
1097 2813 1158 2862 sius

63 2879 170 2931 attare
192 2888 212 2927 a
234 2874 367 2926 cicerone
392 2887 427 2926 aa
451 2877 593 2940 signitica-
633 2872 760 2927 molestia
775 2875 890 2936 quadam
906 2874 966 2926 eius
983 2875 1026 2927 rei
1040 2881 1159 2933 mentio·

63 2946 158 3010 dour,
190 2957 272 3009 quam
302 2943 415 3007 requirit
440 2946 592 3011 zumptius,
635 2956 696 2994 nem
713 2939 918 3009 desideramus,
938 2958 1008 3009 qnae
1025 2948 1052 2999 si
1069 2950 1160 3001 miuus

64 3013 122 3069 rtet
145 3026 182 3066 uu
200 3013 332 3077 potuerit,
355 3013 463 3065 nescio:
485 3015 594 3066 ascri·
635 3013 671 3063 ad
701 3021 828 3062 eventum
860 3015 1037 3080 necessaria,
1069 3028 1160 3070 tamen

63 3094 144 3150 prore
158 3083 225 3132 oortt
237 3083 328 3133 Africi
348 3081 387 3131 ita
401 3085 502 3135 dictum
515 3084 593 3133 vide·
635 3082 672 3132 ad
696 3081 829 3132 nominem
846 3085 874 3131 et
891 3084 927 3132 ad
944 3088 1044 3135 statum
1062 3088 1160 3138 Gatta-

63 3148 166 3218 turta,
181 3154 216 3202 2:
232 3163 322 3203 sares
332 3154 505 3220 complorat,
519 3165 594 3218 quaa
636 3153 917 3211 rumcoguoscendunt
926 3152 1160 3217 scitudtgnaerot.

64 3219 310 3287 affirmarunt,
324 3222 593 3274 admintrtratoros.
670 3216 1162 3289 eiusdtsoassolct.adnotasse.
1273 3239 1275 3244 ·

64 3293 112 3348 Gt.
130 3291 167 3343 tta
184 3294 230 3353 ³3,
248 3293 275 3340 2.
311 3291 389 3349 tiuno
402 3302 492 3342 tamen
505 3293 594 3342 iocum
689 3294 765 3339 tanta
772 3289 984 3351 opportunitate]
996 3293 1051 3341 tam
1059 3305 1160 3356 oppor-

65 3375 86 3414 a
110 3358 268 3413 rorantur
296 3371 349 3411 nou
380 3360 508 3412 debuisse
533 3374 593 3411 curn
637 3359 702 3407 tunc
725 3356 794 3419 ipsis
818 3361 949 3423 tempure.
984 3357 1027 3410 ct.
1045 3363 1108 3413 adu.
1126 3365 1162 3417 ad

64 3430 388 3491 tltocomponiapporet.
422 3432 515 3494 Neque
531 3443 594 3493 pro-
636 3429 670 3492 6,
687 3427 722 3475 29
741 3425 767 3485 S.
783 3424 811 3477 t.
1223 3474 1226 3479 .

66 3498 171 3552 otottts
188 3504 232 3549 ast
251 3497 387 3550 sententia
405 3499 529 3566 Gestari,
549 3497 596 3564 qui
690 3496 824 3556 potuisse]
841 3496 882 3546 De
899 3497 1102 3550 constructione
1119 3500 1164 3551 di-

66 3571 212 3625 immemor
227 3567 347 3633 illorum,
363 3581 433 3630 quae
450 3583 474 3619 c.
488 3570 522 3622 81
538 3567 596 3630 §.2
639 3571 711 3614 ctum
730 3566 774 3615 ert
791 3568 824 3616 ad
843 3569 872 3629 6,
889 3564 923 3616 42
943 3566 972 3627 S.
992 3571 1016 3618 t.
1176 3599 1182 3610 ·

67 3640 215 3704 teguntur,
233 3636 381 3688 Gaesarem
400 3645 535 3703 tamquam
554 3635 597 3689 rei
692 3631 717 3693 S.
746 3639 764 3685 2
797 3648 910 3698 regnum
943 3635 1019 3686 titum
1044 3635 1165 3705 Galliae]

66 3705 199 3775 publicae
216 3706 369 3757 ministrum
387 3707 436 3757 has
450 3720 496 3758 res
509 3707 598 3758 aduri-
639 3703 791 3757 Notandum
817 3711 861 3753 est
889 3716 1035 3766 pronomen
1060 3708 1165 3760 minore

68 3776 193 3833 uhtrare
208 3775 263 3826 dict
279 3775 385 3827 statuit.
639 3785 700 3822 cum
716 3774 756 3838 vi,
771 3786 850 3838 quam
863 3776 942 3836 solet,
955 3776 1084 3825 eominus
1096 3789 1165 3828 con·

121 3844 191 3908 cap.
208 3844 252 3894 20.
269 3843 296 3904 S.
316 3848 330 3895 t
355 3840 513 3907 proditionis
530 3842 597 3895 insi·
641 3842 735 3902 spicno
752 3844 812 3892 loco
829 3844 951 3902 positum.
986 3845 1118 3903 similiter
1136 3860 1164 3897 c.

58 3914 204 3973 -uruletutl
234 3914 336 3965 [todem
358 3912 494 3964 tutatione
517 3910 544 3971 s.
565 3915 597 3964 12
640 3913 677 3964 76
695 3911 755 3972 §.1
783 3911 881 3975 quidus
899 3912 948 3964 itta
962 3926 1020 3976 pro
1039 3915 1166 3980 mamis,

67 3992 98 4035 et
114 3996 141 4036 c.
158 3981 196 4033 88
212 3981 240 4045 S.
253 3985 280 4046 2,
295 3981 341 4032 ubi
358 3990 424 4034 suut
440 3981 600 4034 insimulati
641 3983 712 4045 quod
737 3983 826 4031 minen
850 3994 868 4031 a
892 3982 1032 4033 codicibus
1055 3998 1107 4035 oon
1124 3987 1166 4035 ita

67 4050 263 4119 proditionis,
280 4051 381 4103 iterata
398 4064 465 4101 usus
483 4055 527 4102 est
547 4056 600 4103 sa·
641 4052 745 4100 firmum
763 4058 821 4117 est,
843 4054 871 4100 et
889 4055 1034 4104 secundum
1053 4054 1121 4106 oud.
1139 4057 1166 4118 t,

68 4121 173 4175 ronta·
196 4119 226 4173 tu
249 4121 402 4185 fragmento
418 4120 600 4173 Historiarum
643 4121 676 4169 13
693 4118 719 4181 §.
736 4122 753 4168 2
769 4132 827 4169 ooo
845 4119 926 4171 mam
942 4123 998 4187 dia,
1017 4126 1087 4189 quod
1103 4125 1167 4174 nul-

69 4192 93 4248 t.
109 4194 130 4247 2
146 4202 166 4243 a
179 4187 324 4265 moino
339 4188 367 4258 tt,
384 4192 402 4241 2
417 4189 446 4254 s.
465 4189 483 4244 5
500 4190 601 4245 altato:
641 4191 697 4242 lam
713 4189 903 4244 auctoritatem
920 4192 1008 4242 uarat.

127 4274 166 4328 n.
209 4268 216 4275 ·
890 4258 961 4326 12⁵
