2700 4726
353 303 459 378 cis.
483 304 567 375 vu.
615 304 736 377 cnr.
760 308 806 375 m
898 286 901 295 ’
1083 305 1150 372 su

62 512 141 556 num
166 490 337 578 praesidia
365 494 590 563 circumfundi
618 503 776 586 possent3
814 515 879 561 usu
901 515 974 560 oum
999 493 1150 581 periculo
1172 506 1194 567 2

97 686 178 734 Vrat.
199 684 228 732 ll.
247 683 328 736 Goth.
343 686 371 734 ll.
390 687 485 736 llcmb.
505 687 557 736 tiu.
582 687 665 737 Vind.
682 687 785 739 cons.
805 689 882 739 Rom.
899 699 927 738 s.
945 687 1016 736 Med.
1036 697 1062 736 a,
1082 687 1150 735 ven.

100 754 143 802 lie.
163 754 224 802 lter.
246 755 285 802 st.
304 755 389 804 lirell.
413 757 568 807 accederet
585 760 656 808 ven.
673 760 714 811 cd.
732 758 875 810 occiderit
892 756 971 808 carr.
995 757 1055 806 cod.
1073 757 1151 804 Ture.

98 823 185 872 Voss.
203 822 231 870 ll.
252 824 336 887 llong.
355 825 387 875 Ο.
403 825 485 875 Vind.
503 821 525 877 1.
543 827 613 876 ven.
634 829 654 877 t.
672 829 826 879 accidisset
844 829 902 877 Pet.

133 891 194 940 eius
218 889 357 959 discessu]
387 905 441 954 uer
466 893 528 946 etus
554 895 712 948 discessum
736 900 796 950 cod.
819 896 898 948 anr.
922 892 996 945 Dok.
1020 892 1103 943 Voss.
1123 893 1152 941 li.

99 960 184 1024 Bong.
204 954 234 1008 C.
255 961 336 1012 vinu.
359 962 405 1013 01.
427 958 496 1014 Vsa.
515 966 535 1013 t.

99 1027 321 1155 Vmunitlionum]
340 1033 528 1085 munitionem
546 1035 628 1085 Voss.
644 1035 677 1084 Α.
697 1035 780 1088 Febr.
799 1036 878 1087 Vret.
893 1033 925 1084 Α.
945 1032 1153 1091 Haemonium.

127 1112 169 1148 en.
187 1111 212 1148 c.

132 1166 328 1226 circumfundi]
349 1168 492 1222 circuudi
511 1169 593 1220 Vind.
614 1172 647 1221 A.

132 1235 158 1297 S.
178 1240 195 1285 2
212 1240 280 1296 nen]
297 1240 370 1291 Med.
386 1252 413 1297 e.
432 1242 503 1292 ven.
522 1241 610 1289 hedes.
632 1242 694 1290 Ald.
713 1251 774 1302 sqq.
794 1271 813 1305 „
822 1240 898 1289 MSS.
915 1239 977 1289 tere
993 1248 1019 1288 o.
1039 1239 1069 1286 et
1085 1236 1151 1287 llud

95 1319 139 1368 pp.
157 1308 219 1357 eut.
241 1309 315 1358 Mola
333 1308 480 1360 iunxerunt
497 1310 751 1371 praetereuntur*
774 1311 827 1361 eut
841 1311 940 1359 hebent
952 1308 1012 1359 l’et.
1024 1306 1152 1358 vesco.

61 1473 143 1540 inde,
175 1474 219 1537 qui
244 1468 331 1528 uduo&
348 1468 521 1533 desisteres
538 1490 588 1543 po·
630 1479 704 1544 tius,
735 1477 788 1541 qui*
813 1476 902 1528 omnia
933 1479 992 1544 „nt
1013 1475 1099 1538 primo
1123 1475 1152 1523 in

63 1544 137 1605 suit,
155 1558 240 1607 usque
257 1546 292 1596 od
306 1544 517 1598 (luisclrardtnm
533 1562 588 1600 non
631 1549 754 1609 margine
766 1549 802 1597 ad
816 1549 1024 1597 enuntiationem
1035 1556 1152 1607 sequen·

62 1613 240 1679 dubitarunt,
258 1615 322 1676 quin
335 1615 466 1667 caesaris
484 1619 526 1667 liic
544 1619 588 1668 in·
631 1623 685 1668 tem
704 1620 877 1684 (coquntur)
895 1616 1053 1677 adscripto,
1074 1612 1153 1664 dein-

62 1683 227 1745 telligendns
255 1686 293 1734 sit
317 1685 473 1747 discessus3
501 1700 589 1750 neque
631 1690 666 1738 de
688 1689 759 1737 male
793 1689 818 1735 h.
846 1687 864 1734 l.
889 1681 1026 1735 invecte“
1061 1684 1152 1747 eiecit,

61 1751 147 1802 aliter
154 1753 347 1803 intellexerunt
355 1758 588 1818 nostratesWag·
633 1766 661 1806 et
678 1755 874 1818 Nipperdeius,
893 1754 938 1816 qui
956 1767 1006 1817 pro
1024 1753 1154 1804 discessu

62 1821 134 1871 neri.
168 1820 369 1872 Guisclrordtus
394 1836 462 1873 vero
482 1824 589 1876 caesa·
631 1824 783 1874 accesere
802 1824 931 1886 scriptum
950 1824 1037 1873 inisse
1055 1819 1156 1873 existi·

61 1903 122 1941 rem
140 1889 281 1940 discedere
304 1892 332 1942 ln
351 1893 440 1942 animo
458 1892 588 1944 habuisse
630 1901 687 1944 mat
709 1905 842 1956 accessu,
872 1897 900 1942 et
918 1894 1077 1958 lirunerns,
1109 1889 1155 1940 cui

62 1971 168 2022 negans
187 1968 215 2009 et
239 1961 331 2011 hostes
349 1963 461 2011 absente
480 1976 513 2013 eo
532 1975 587 2012 non
631 1962 693 2014 eius
717 1962 846 2012 discessu
872 1962 1009 2024 glossema
1039 1971 1155 2022 pravum
1261 1988 1264 1993 -

62 2042 163 2093 secus,
195 2041 275 2089 qnam
299 2036 446 2092 praesente
470 2032 586 2082 circum·
631 2034 666 2082 od
685 2031 772 2081 sitta
788 2030 902 2081 acctdut
921 2031 1055 2079 adiectum
1074 2028 1153 2078 vide·
1202 2048 1205 2053 ·
1278 2086 1281 2093 Ι

61 2099 175 2148 fusurus
199 2099 286 2146 tuisse
311 2101 486 2150 munitionum
505 2111 588 2162 prae·
632 2110 686 2151 tur.
715 2100 795 2151 Vnus
815 2099 1023 2148 lluumstarkius
1041 2105 1069 2147 et
1086 2108 1155 2160 pro-

62 2167 136 2217 sidia
159 2166 303 2216 affirmans
325 2169 387 2219 etus
411 2171 447 2219 od
467 2169 588 2234 hostem,
631 2180 727 2219 nomen
756 2168 789 2218 ad
818 2162 967 2217 Caesarem
999 2166 1099 2217 reterri
1126 2169 1154 2214 et

62 2236 135 2301 quod
164 2239 325 2301 praecedat,
356 2238 530 2287 referendum
561 2244 589 2287 et
632 2236 761 2290 caesuris
781 2235 933 2287 discessum
956 2237 1003 2284 vel
1030 2236 1058 2287 ln
1082 2235 1155 2285 alte·
1179 2268 1186 2285 .

62 2307 221 2356 discessum
235 2306 371 2372 equitum,
387 2318 454 2370 qnos
468 2307 588 2357 Vercin-
631 2310 813 2370 campartem
838 2318 887 2356 seu
911 2305 1034 2366 oppidum
1053 2316 1156 2356 versus

62 2375 170 2439 getorix
188 2385 212 2422 c.
223 2376 258 2425 71
274 2373 330 2433 §.5
347 2376 485 2427 dimisisse
500 2376 589 2426 dictos
632 2375 826 2439 profectionem
851 2374 899 2423 vel
924 2375 1006 2424 allam
1032 2374 1062 2423 in
1088 2386 1155 2436 por-

63 2452 125 2508 est,
145 2444 375 2505 interpretandum
394 2458 458 2495 esse
475 2456 590 2496 conten·
632 2455 687 2497 tem
726 2445 896 2506 eruptionem
938 2443 998 2492 elus
1036 2441 1154 2506 intelligi

63 2513 104 2562 dit
121 2512 202 2563 Mem.
221 2513 298 2563 milit.
318 2514 351 2577 t,
369 2516 437 2565 299:
466 2515 590 2566 essure-
632 2527 715 2578 posse
745 2510 957 2575 animadvertit,
980 2514 1040 2560 ‘sed
1073 2512 1154 2563 simul

63 2584 139 2632 ment
157 2576 247 2631 cesar
264 2579 370 2633 n⁷evoit
386 2597 437 2645 pas
455 2584 537 2634 envie
554 2585 589 2634 de
632 2597 681 2646 pro
703 2583 765 2635 etus
787 2581 909 2647 legitime
932 2593 985 2632 suo
1014 2581 1155 2632 dicendum

64 2651 167 2714 quitter
191 2663 237 2699 ses
261 2651 369 2714 lignes,
404 2656 432 2702 et
461 2649 589 2704 l’enneml
631 2654 720 2705 luisse
738 2664 855 2703 censens
873 2663 891 2701 u
908 2650 1019 2716 linguae
1035 2664 1087 2701 usu
1103 2652 1154 2701 ulr-

65 2733 102 2770 ne
120 2721 162 2768 les
180 2719 271 2769 auroli
286 2732 336 2781 pas
353 2721 440 2769 moins
457 2722 590 2771 investies
632 2720 755 2787 erravit,
785 2721 813 2771 in
844 2720 973 2772 discessu
1000 2729 1092 2772 cutem
1116 2720 1154 2783 ld,

65 2801 137 2840 avec
162 2802 217 2837 une
241 2790 344 2852 grande
369 2791 527 2854 multitude,
555 2802 590 2840 en
632 2792 703 2856 quod
719 2803 766 2841 res
785 2798 828 2840 est
852 2792 881 2839 et
903 2789 931 2840 iu
949 2792 1044 2841 oculos
1060 2789 1155 2838 incur·

65 2872 116 2910 son
135 2859 270 2923 absence,
293 2854 374 2919 qo’en
394 2870 427 2908 se
448 2859 589 2921 presence.
631 2862 687 2923 rit,
705 2872 758 2910 non
775 2858 880 2923 magis,
898 2872 977 2922 quam
999 2858 1056 2920 ulii,
1074 2857 1153 2922 vidit,

66 2928 148 2978 Voici
166 2941 198 2976 ce
212 2941 264 2989 que
277 2927 366 2976 Cesar
380 2928 434 2976 dit:
456 2927 521 2992 Afiu
535 2941 590 2993 que
633 2928 741 2978 scilicet
764 2930 895 2979 Romanis
920 2928 1101 2978 frumentandi
1126 2931 1155 2976 et

64 2998 116 3049 s’il
133 2996 280 3057 arrieoit,
304 2996 354 3059 qu’
376 2995 463 3060 apres
486 2999 514 3048 le
538 2995 591 3047 de·
632 2998 781 3058 pabulandi
793 3008 880 3047 ceusu
888 2997 1049 3047 necessario
1062 2995 1155 3045 disce-

65 3070 138 3132 part
155 3068 191 3116 de
208 3068 238 3115 lu
256 3065 401 3116 caesuris
417 3067 452 3117 de
466 3068 589 3117 Veretu-
633 3068 749 3116 olendum
772 3067 807 3115 ab
830 3065 927 3117 Alesia
950 3067 1056 3131 fnisse,
1093 3066 1155 3113 irn-

63 3137 194 3203 petoriu,
214 3131 346 3186 l’euuemi
362 3132 428 3185 ciat
444 3149 479 3186 en
492 3135 591 3201 prend
633 3135 827 3186 mentationeur
844 3145 934 3186 autem
953 3142 980 3184 et
1000 3134 1155 3198 pabulatio-

64 3204 318 3257 uomtreincestir
329 3206 591 3271 leslipnesdetoue
633 3205 739 3256 nemin
758 3203 818 3253 dies
835 3205 984 3268 longiorem
1004 3208 1033 3254 et
1051 3201 1154 3253 diflici-

65 3273 153 3327 cdtes.
188 3275 223 3325 Si
245 3277 289 3325 ita
311 3274 425 3326 accidat
443 3276 505 3328 eius
528 3276 590 3326 dis·
632 3275 730 3325 liorem
750 3273 810 3323 fieri
829 3272 999 3339 oportuisse,
1016 3272 1155 3325 exteriore

66 3359 150 3397 sessu
171 3356 207 3394 ne
229 3346 344 3408 regards
370 3346 439 3399 dunc
465 3358 517 3408 pos
534 3343 590 3394 ct·
634 3357 701 3395 vero
725 3346 803 3392 hoste
822 3344 987 3407 accedente,
1012 3343 1037 3393 ei
1055 3352 1156 3404 magne

67 3427 132 3479 ser,
156 3413 226 3464 mais
252 3416 278 3463 le
296 3417 351 3465 mot
368 3413 478 3482 tostis,
502 3414 549 3477 qul
570 3424 589 3463 s
632 3425 699 3476 pars
714 3411 853 3474 copiarum
867 3411 1052 3476 discessisset,
1070 3422 1154 3473 prue-

66 3482 199 3548 precede.
228 3484 261 3533 Si
277 3481 321 3533 itu
339 3483 472 3547 mutat,
489 3483 590 3549 dit-il,
633 3482 703 3534 sidio
722 3482 837 3532 relictos
857 3483 985 3542 utrinque
1004 3481 1154 3532 circumin-

66 3553 159 3604 lrcstis
172 3553 308 3604 discessu.
328 3553 508 3604 decentiores
521 3553 591 3603 ilui-
633 3564 681 3602 sos
705 3551 818 3603 facilius
837 3551 952 3615 opprimi
975 3554 1004 3600 et
1026 3549 1155 3602 munitiu-

67 3623 192 3672 senardtl
208 3623 376 3686 argumentis
391 3622 515 3674 commoti
530 3621 590 3688 elli,
633 3634 685 3673 nes
709 3619 847 3683 perrumpi
874 3620 1015 3686 potuisse,
1047 3620 1089 3671 liis
1120 3622 1155 3670 de

67 3700 99 3741 nt
134 3694 245 3757 Morus,
280 3691 418 3755 Hausius,
455 3691 590 3755 Maeuius,
633 3689 886 3742 causisCueeorem
900 3691 935 3738 al)
948 3691 1155 3754 utraquepcrte

66 3760 197 3826 nudius,
233 3761 396 3823 Lippertus,
435 3762 590 3825 Diibnerus,
633 3761 669 3811 ud
696 3759 859 3811 munitiones
893 3757 1032 3810 addidisse
1066 3770 1154 3822 eoque

66 3830 176 3881 ineius
195 3830 423 3895 interpretatione
441 3830 591 3892 acquieve·
632 3841 714 3891 opere
741 3829 864 3894 perfecto
886 3827 972 3877 tutius
1001 3831 1029 3880 et
1050 3830 1154 3880 minore

67 3903 147 3963 runt,
171 3900 222 3949 elil
240 3900 308 3950 ferri
325 3911 388 3949 ean
404 3912 453 3962 per
470 3900 590 3964 linguam
632 3912 695 3950 cnm
720 3898 841 3961 periculo
869 3894 973 3949 discedi
1002 3908 1020 3948 ι
1051 3898 1154 3949 cestris

68 3981 121 4019 uon
140 3969 225 4019 licere
246 3968 396 4018 sentientes
416 3972 485 4019 iaec
504 3969 591 4019 veroa
633 3967 772 4032 potuisse,
796 3966 905 4017 etieersi
928 3967 1066 4018 accideret
1082 3967 1157 4029 quod

68 4040 115 4088 vel
143 4051 196 4089 non
226 4038 381 4095 intelligere
413 4052 444 4088 se
469 4038 590 4088 contessi
632 4038 760 4087 cecidere
777 4037 871 4098 utique
891 4040 1013 4101 poterat,
1030 4047 1060 4087 ut
1076 4039 1156 4087 tacte

66 4111 147 4173 sunt,
174 4115 204 4157 ut
228 4107 432 4173 lillierlingius,
455 4109 504 4156 rei
527 4118 590 4156 cor·
632 4107 800 4157 discessione
818 4107 914 4156 nostes
936 4116 1036 4170 magnit
1060 4104 1153 4155 multi-

65 4185 148 4240 rupte
160 4187 223 4229 esse
236 4177 441 4243 iudicaverunt,
455 4176 590 4231 uthrit·
631 4176 726 4229 tudine
748 4176 884 4231 hominnm
908 4178 1004 4229 coacta
1026 4176 1062 4227 sd
1084 4175 1155 4225 litie-
