2700 4726
155 325 224 394 336
414 323 485 393 DE
512 321 693 392 BELLO
723 321 980 421 GALLIQO

153 517 245 579 etum
269 511 437 599 egentium
462 536 500 581 ao
522 510 745 602 perditorum.
786 508 862 578 Hae
884 512 1000 578 coacta
1025 531 1124 578 manu
1138 531 1241 599 quos·

154 621 284 686 cunque
314 602 387 669 adit
414 624 453 668 ex
475 601 629 681 civitate,
661 602 705 667 ad
728 623 823 667 suam
851 600 1050 666 sententiam
1072 601 1241 690 perducit.

110 685 341 771 4Hortatur‚
376 696 416 755 ut
447 689 632 755 eommunis
663 687 833 754 libertatis
856 710 958 752 eausa
980 709 1072 753 arma
1093 690 1241 777 capiant,

155 777 351 865 magnisque
378 779 503 844 coactis
539 778 646 864 copiis
681 774 894 842 adversarios
927 797 1030 856 suos,
1061 797 1081 840 a
1115 777 1239 862 quihus

109 865 256 950 6paulo
284 872 362 929 ante
391 874 466 932 erat
493 865 639 944 eiectus,
675 865 816 951 expellit
846 885 886 927 ex
906 864 1054 930 civitate.
1099 862 1173 928 Rex
1197 865 1240 928 ab

152 953 225 1017 suis
248 953 451 1039 appellatur.
496 952 656 1018 Dimittit
675 971 931 1038 quoquoversus
952 952 1156 1034 legationes,
1181 952 1246 1016 oh·¹

2 1126 5 1131 Ι
108 1044 318 1122 etaetatur,
353 1049 393 1107 ut
419 1042 455 1107 in
481 1039 549 1107 fide
576 1045 742 1107 maneant.
791 1036 959 1129 Celeriter
986 1038 1053 1104 sihi
1077 1039 1241 1121 Senones,

184 1230 300 1293 desistit
316 1233 414 1283 tamea
435 1265 453 1295 „
461 1232 535 1280 MSS.
555 1227 653 1292 reliqui
662 1225 689 1283 “.
707 1264 716 1280 .
734 1264 742 1283 .
761 1265 769 1279 .
803 1227 887 1279 eaor.
906 1227 977 1279 liar.
995 1231 1030 1280 A.
1048 1230 1101 1286 Gn,
1125 1231 1164 1279 St.
1190 1229 1241 1281 Gr.

183 1302 212 1350 b.
234 1302 314 1356 Freii.
335 1301 376 1349 ct.
406 1303 502 1350 tamen
527 1300 641 1350 desistit
666 1294 807 1363 „vulgo“
830 1299 877 1348 Dr.
906 1298 934 1347 Β.
958 1298 1089 1351 vrato.
1108 1299 1188 1351 Goth.
1208 1299 1241 1349 B.

182 1370 280 1420 flami).
298 1370 357 1420 edd.
375 1371 435 1417 reli.
453 1372 516 1418 ante
529 1368 598 1417 oud.
617 1378 732 1428 excepta
746 1368 816 1418 ven.
834 1369 854 1417 t.
872 1369 968 1417 tamea
981 1369 1096 1420 destitit
1110 1365 1193 1418 Vind.
1207 1370 1241 1416 D.

218 1438 360 1497 dilectum]
398 1438 508 1500 „Bone
534 1439 567 1486 A.
586 1438 657 1489 Lov.
674 1437 759 1488 Voss.
778 1437 813 1488 Α.
831 1434 849 1485 4
866 1434 930 1486 al.“
946 1436 1025 1502 (Par.
1048 1437 1081 1486 Α.
1107 1438 1178 1487 Hav.
1205 1440 1241 1487 A.

183 1507 258 1558 Gott.
275 1518 331 1555 sec.
353 1507 437 1566 Wh.)
455 1507 597 1556 delectam
616 1507 690 1556 Gott.
718 1506 800 1554 Febr.
821 1505 868 1555 Dr.
886 1504 1040 1557 litaverit.
1059 1505 1107 1556 AG
1124 1515 1152 1554 et
1167 1518 1185 1555 a
1204 1520 1240 1554 m.

182 1589 208 1626 s.
232 1577 263 1627 tt.
288 1575 368 1628 Goth.
392 1575 423 1623 B.
449 1576 545 1630 flamb.
567 1572 651 1628 vind.
675 1574 723 1624 AC
747 1582 774 1622 et
800 1585 850 1634 pro
870 1576 938 1626 vsi.
963 1575 993 1622 B.
1013 1577 1072 1623 edd.
1089 1579 1152 1624 ante
1170 1576 1239 1625 Ood.

181 1641 228 1701 Gt.
249 1645 312 1694 adn.
331 1656 370 1695 cr.
394 1645 428 1693 ad
446 1647 472 1693 6.
491 1645 506 1692 1
525 1643 552 1704 s.
575 1648 600 1694 1.
636 1646 803 1704 Quamquam
822 1644 847 1690 h.
866 1644 902 1704 l.‚
931 1641 956 1692 si
973 1643 1109 1695 dilectam
1129 1645 1240 1707 proprio

181 1713 364 1763 Romanorum
384 1712 485 1762 dictum
502 1717 637 1776 potemus,
655 1714 799 1764 detectam
814 1712 903 1761 teneri
921 1721 1022 1774 potest.

214 1781 288 1848 flac]
307 1794 342 1831 ac
360 1783 441 1842 Bone.
459 1785 493 1832 A.
511 1782 551 1832 Pi.
566 1783 649 1832 Voss.
670 1786 703 1831 A.
723 1781 806 1835 Febr.
820 1780 903 1829 vind.
923 1785 955 1831 Α.
974 1781 1071 1831 Hamh.
1086 1781 1158 1830 Ven.
1178 1782 1238 1833 cde.

180 1861 276 1900 erroro
302 1852 455 1913 frequenti,
479 1864 515 1900 ex
533 1852 647 1916 spiritns
665 1851 756 1911 asperi
773 1849 1013 1911 praetermissione
1031 1851 1058 1898 in
1077 1849 1239 1900 vetustissi-

179 1917 232 1970 mis
249 1920 328 1969 libris
346 1920 409 1979 poni
427 1920 498 1969 soliti
518 1921 671 1980 repetendo.
706 1918 751 1969 cf.
767 1919 829 1970 adn.
847 1932 886 1971 cr.
906 1921 942 1968 ad
961 1933 985 1971 c.
1006 1915 1041 1969 14
1060 1917 1085 1976 S.
1105 1917 1131 1973 t.

216 1986 242 2047 S·
260 1988 276 2039 5
297 1987 515 2055 qttoqooversus]
539 2002 652 2054 qaoque
677 1999 782 2037 versas
802 1987 885 2041 Voss.
904 1990 937 2038 A.
958 1989 1035 2048 item.
1053 1989 1118 2038 Par.
1139 1984 1171 2037 A.
1188 1987 1237 2037 Dr.

179 2057 211 2106 B.
229 2058 310 2108 Vrot.
328 2058 358 2105 B.
379 2058 475 2109 flamb-
494 2070 607 2122 qaaaae
631 2068 736 2109 cerras
755 2056 857 2120 „tiss
876 2053 921 2105 4⁶⁴
947 2058 1031 2119 Bone.
1051 2052 1083 2106 C.
1104 2058 1183 2107 Vind.
1204 2057 1238 2110 [ι’.

179 2126 251 2176 Ven.
268 2129 290 2175 f.
308 2139 420 2192 quoquo
440 2138 545 2177 cereas
562 2129 622 2176 edd.
644 2136 752 2188 praeter
770 2126 840 2174 nied.
856 2135 883 2174 a.
901 2127 940 2174 st.
961 2126 1048 2174 dreit.
1066 2139 1136 2188 quae
1155 2139 1238 2176 unum

178 2195 343 2246 vocabulum
367 2196 511 2260 exturbent,
534 2196 562 2245 id
580 2197 649 2258 quod
667 2197 744 2244 tecte
761 2195 863 2243 iactum
879 2195 985 2244 ostendi
1003 2197 1038 2244 ad
1056 2197 1087 2257 3,
1106 2199 1139 2244 23
1161 2193 1188 2252 S.
1208 2199 1235 2246 2.

178 2265 222 2315 Ex
240 2275 272 2311 eo
293 2263 374 2327 enim,
393 2266 464 2325 quod
478 2265 584 2326 proprie
600 2264 736 2326 significat
754 2259 839 2327 weitin
851 2260 911 2324 tud)
928 2261 1018 2317 immet
1030 2267 1165 2328 qttetnbtt,
1183 2276 1236 2312 ex-

178 2331 279 2381 stincta
297 2333 409 2382 relativi
428 2336 562 2392 potestate
579 2335 681 2383 tectum
699 2340 743 2380 est
760 2345 841 2382 unum
857 2333 1013 2382 indefinitae
1025 2333 1235 2395 significationis

177 2400 360 2467 vocabulum,
392 2397 490 2453 itbttalt
514 2400 573 2469 βίης
602 2401 676 2450 sicut
693 2403 721 2450 et
740 2414 853 2466 quoquo
872 2409 900 2450 et
919 2403 1078 2466 amenaque
1095 2404 1233 2452 interdum

179 2470 306 2531 dicuntur
320 2470 350 2518 in
365 2471 508 2520 sententiis
521 2482 574 2520 non
590 2470 728 2522 relativis.
763 2470 839 2529 Quod
854 2471 984 2521 antemio
1000 2470 1234 2536 inscriptionibus,

178 2544 210 2589 ut
234 2539 263 2587 in
281 2537 447 2599 Genetephio
465 2539 566 2591 Pisano
590 2540 662 2600 apud
679 2539 816 2589 Norisium
835 2539 883 2589 toi.
903 2539 917 2587 1
938 2553 966 2588 v.
985 2540 1020 2589 10
1038 2550 1056 2588 e
1074 2541 1127 2589 tine
1144 2543 1235 2603 (apud

178 2607 310 2659 Oreiiiom
336 2603 423 2657 loscr.
448 2610 477 2663 Τ.
504 2611 519 2657 1
544 2625 571 2671 p.
599 2611 650 2660 162
670 2621 697 2661 v.
721 2609 756 2660 10
775 2621 792 2658 a
810 2607 846 2672 f.)
865 2609 967 2671 iegitur
986 2621 1098 2672 qaoque
1118 2621 1235 2677 versae,

176 2678 247 2743 quod
260 2675 390 2739 ,norisius
407 2690 435 2739 p.
451 2674 505 2727 tce
524 2691 572 2738 pro
588 2690 742 2740 synonymo
756 2678 883 2726 habuisse
899 2678 1007 2727 videtur
1023 2682 1051 2727 et
1065 2678 1233 2730 Garatonius

176 2746 213 2797 ad
231 2745 287 2796 cic.
303 2744 415 2807 Philipp.
434 2748 460 2809 9,
477 2750 495 2799 7
513 2747 554 2807 (s.
575 2746 623 2810 tc)
641 2748 664 2796 si
684 2760 794 2811 qaoque
812 2748 882 2795 idem
898 2747 944 2812 sit,
961 2749 1032 2810 quod
1052 2761 1231 2816 quocunque,

175 2825 229 2865 non
256 2816 402 2864 absurdum
428 2815 547 2879 iudicat,
577 2817 603 2865 id
622 2817 813 2880 Nipperdeius
828 2815 932 2864 rectius
950 2819 1038 2867 refert
1056 2819 1090 2867 ad
1110 2820 1232 2884 quisque

174 2895 331 2948 pronomen,
351 2897 369 2934 a
385 2897 437 2946 qno
456 2886 505 2951 ita,
523 2888 554 2935 ut
572 2898 628 2948 qao
646 2898 664 2936 a
681 2886 756 2950 qais,
774 2887 811 2934 sit
826 2886 936 2936 ductum
953 2899 1081 2951 quoqae3
1097 2889 1147 2937 sed
1161 2890 1232 2951 quod

177 2947 327 3003 Caesarem
346 2962 373 3002 et
391 2955 511 3016 reliquos
530 2957 681 3016 scriptores
698 2955 762 3006 item
781 2956 932 3016 ubicunque
951 2968 1005 3005 non
1024 2958 1144 3006 relativa
1164 2971 1232 3007 sen-

175 3022 264 3072 tentia
281 3023 464 3088 sitfqaoqae
481 3036 585 3075 cereas
604 3025 752 3085 scripsisse
770 3026 863 3087 putat,
881 3025 971 3073 minos
990 3026 1130 3084 probabile
1149 3027 1231 3075 vide-

175 3094 230 3141 tur.
270 3092 390 3142 Primum
419 3093 490 3142 euim
515 3095 623 3142 codices
646 3106 734 3158 neque
752 3094 781 3144 in
798 3096 828 3143 B.
850 3092 923 3142 Gaii.
940 3094 1142 3144 commentariis
1161 3097 1233 3146 satis

173 3158 256 3210 tidem
279 3159 384 3210 faciunt
408 3162 459 3220 (et.
487 3162 560 3213 intra
578 3176 601 3212 ο.
622 3161 671 3227 tt,
700 3163 762 3214 iet
781 3175 863 3224 snpra
881 3163 900 3209 i.
918 3166 946 3227 3,
964 3162 1011 3210 ubi
1030 3164 1111 3226 Boug.
1133 3168 1167 3217 A.
1186 3166 1230 3220 Pl.

172 3242 266 3294 quoq.-
297 3242 415 3280 oeream
433 3231 788 3292 determinatim,
813 3227 847 3280 25
866 3231 893 3291 S.
913 3233 939 3279 6.
965 3232 1010 3290 36,
1028 3234 1055 3280 2.
1073 3235 1101 3297 2,
1119 3234 1137 3285 8
1155 3234 1180 3294 S.
1202 3237 1231 3288 2.

172 3306 202 3349 et
219 3299 280 3352 Ait.
299 3296 344 3365 24,
363 3303 380 3348 3
397 3310 491 3361 aperte
513 3301 653 3365 derogent.
690 3301 792 3350 Deinde
810 3302 882 3363 quod
900 3301 1047 3349 secundum
1065 3302 1197 3365 originem
1210 3317 1229 3355 a

173 3368 336 3432 Nipperdeio
354 3369 564 3428 demonstratam
581 3369 732 3436 significari
748 3372 799 3420 hoo
812 3369 948 3420 vocabulo
965 3370 1063 3436 potuit,
1080 3371 1142 3438 aad)
1162 3373 1230 3429 tinet

136 3505 370 3573 vereanpetorte
393 3505 440 3556 aba·
465 3507 501 3556 de
526 3505 662 3559 Caesarie
758 3503 889 3565 adit1cf.
907 3506 968 3556 adn.
988 3505 1023 3557 ad
1036 3509 1068 3572 d,
1086 3504 1105 3558 t
1123 3507 1149 3568 s.
1167 3514 1194 3561 2.

130 3578 266 3645 ‚odoenta
281 3577 429 3643 oopaoott,
451 3578 663 3643 oppapaattone
758 3577 887 3625 adenem
912 3575 1073 3627 sententiam
1093 3580 1227 3644 perducit]

138 3647 254 3699 dettttt't
279 3648 368 3710 atque
399 3647 511 3696 obviam
541 3646 662 3697 Caesari
704 3640 747 3696 Gi.
766 3642 824 3695 Cio.
843 3646 898 3693 att.
917 3645 968 3706 16,
988 3644 1006 3694 8
1025 3645 1052 3704 S.
1072 3652 1103 3698 t:
1127 3648 1229 3710 (Octa-

136 3714 474 3782 preaesumpserit
495 3717 574 3784 locis,
593 3727 660 3778 quos
703 3709 819 3778 vianne)
845 3715 1003 3764 veteranos
1026 3717 1126 3782 quiqui
1146 3718 1228 3769 Oasi-

138 3786 208 3836 0od.
243 3783 362 3835 ostendit
393 3786 427 3833 ad
452 3785 485 3849 t,
523 3786 555 3835 11
581 3785 609 3845 S.
634 3787 659 3835 2.
702 3781 757 3831 liat
774 3786 803 3835 et
821 3782 1052 3850 caattaesant,
1084 3789 1226 3850 perducit

136 3853 286 3916 Postpositi
310 3854 399 3902 autem
420 3855 543 3904 adverbii
563 3858 660 3905 tamen
701 3853 740 3902 ad
766 3865 848 3904 coam
872 3854 1054 3904 sententiam.
1089 3857 1154 3908 Nec
1172 3858 1228 3910 ari-

137 3938 173 3975 ea
190 3924 235 3972 vis
253 3930 304 3988 est,
323 3929 352 3970 ut
372 3925 423 3972 duo
439 3925 525 3974 verba
539 3937 596 3974 noa
608 3925 659 3974 de·
702 3932 785 3972 rum:
805 3923 960 3988 qatnpenos
978 3923 1117 3976 denarios
1135 3927 1197 3980 dat.

135 3994 216 4046 sttttt
239 3993 267 4043 in
290 4003 370 4041 unam
393 3994 591 4052 perseverandi
608 4006 658 4044 no·
754 3991 810 4051 §.5
829 4002 858 4042 ot
876 3994 904 4041 in
917 3993 970 4041 tide
982 3999 1124 4055 maneant]
1138 3997 1226 4046 Recte

135 4064 236 4114 tionem
261 4060 339 4124 qnasi
364 4064 516 4112 contrairet.
559 4058 603 4115 Cf.
632 4076 657 4115 c.
698 4059 1123 4132 circumlustrantem,
1154 4079 1223 4130 qnae

136 4134 180 4198 10,
199 4132 386 4196 apraeetore
399 4131 494 4182 ettam
509 4134 659 4186 esttamen
701 4144 727 4184 c.
746 4133 771 4184 2.
790 4140 903 4184 narrata
920 4133 991 4182 suot.

137 4196 236 4295 emate
249 4199 441 4268 difficultates
456 4200 581 4265 perpete.
