2700 4726
30 1308 39 1351 i

117 290 211 383 'tic
396 308 471 379 no
519 306 698 379 nocco
727 305 980 380 narsico

145 519 222 565 cum
251 497 526 565 matresfamiliae
554 505 692 588 repente
718 498 753 565 in
779 496 953 586 publicum
985 496 1234 651 procurrerunt

145 586 332 674 flentesque
355 587 525 674 proiectae
548 585 592 653 ad
613 585 716 675 pedes
736 607 871 652 sucrum
895 585 984 653 omni
1009 607 1050 652 us
1063 586 1235 738 precibus

146 675 328 762 petierunt,
347 695 389 743 ne
406 696 444 739 se
464 683 501 741 st
520 695 710 742 commones
731 673 857 739 liberos
870 673 1060 740 hortibusa

148 762 237 827 cium
266 759 445 841 dederent,
480 780 567 850 quos
596 759 638 828 ad
668 760 863 851 capiendam
889 762 1003 846 fugam
1032 768 1175 826 naturae
1203 765 1240 825 et

107 847 129 912 4
150 849 272 918 virium
302 848 480 916 infirmitas
508 848 688 936 inpediret.
732 846 802 914 Ubi
832 870 892 915 eos
913 850 948 915 in
973 850 1139 915 sententia
1161 868 1241 935 per-

150 942 244 1004 stare
270 932 456 1025 riderent,
493 936 585 1023 quod
617 939 831 1028 plerumque·
852 937 887 1002 in
923 956 1054 1003 summo
1086 935 1241 1024 pe'ricuio

151 1025 256 1090 timor
287 1022 555 1091 misericordiam
580 1046 644 1091 non
669 1024 808 1113 recipit,
844 1027 1054 1090 conclamare
1075 1030 1112 1090 et
1134 1023 1243 1108 signi-

108 1111 253 1178 tricare
276 1109 319 1176 de
340 1112 420 1197 iuga
441 1111 602 1179 Romanis
625 1116 821 1198 coeperunt.
866 1109 943 1199 Quo
965 1113 1087 1178 timore
1109 1119 1243 1201 perter-

150 1200 213 1267 riti
237 1197 344 1281 Galli,
362 1221 405 1266 ne
426 1199 469 1265 ab
489 1200 645 1288 equitatu
666 1200 896 1268 Romanorum
918 1198 992 1268 viae
1015 1219 1244 1290 praeoccupa-

1101 673 1240 760 suppli-

186 1391 284 1455 ciunt,
310 1390 352 1442 rei
371 1390 581 1444 convenientius
599 1390 718 1459 videtur.
751 1394 854 1444 'femen
873 1391 932 1444 slis
949 1399 993 1442 est
1012 1389 1094 1441 verbi
1111 1386 1245 1457 efficere,

186 1462 246 1513 otia
262 1460 395 1522 simpiicis
412 1462 513 1527 facere
532 1461 594 1525 ris,
621 1462 907 1530 conducentium,
927 1463 998 1524 quod
1017 1462 1059 1510 eis
1079 1460 1107 1509 in
1127 1458 1247 1511 consilio

186 1534 266 1596 eret,
285 1530 457 1580 efficiendum
476 1531 599 1592 pruriens
614 1543 683 1592 opus
700 1534 764 1582 erat
783 1531 877 1595 tactis,
896 1543 1011 1597 quorum
1031 1528 1112 1580 etism
1134 1528 1248 1597 signit-

187 1600 262 1651 oatio
278 1599 350 1649 inest
361 1598 390 1649 in
403 1600 489 1650 verbo
501 1599 682 1664 apparebant
695 1596 748 1667 (ci.
760 1600 839 1651 Ater.
851 1601 879 1666 7,
898 1604 911 1651 1
925 1602 957 1651 ire
970 1596 1141 1665 apportanda
1155 1593 1248 1664 tripu)

187 1679 337 1737 quaecum
354 1669 445 1720 omnis
461 1670 555 1719 eodem
574 1669 759 1734 pertinerent,
784 1678 861 1720 recte
879 1670 982 1734 piuraii
1000 1678 1113 1720 numero
1131 1668 1247 1717 demon-

186 1739 321 1788 strantur.
356 1736 452 1800 ireque
469 1737 539 1789 isare
555 1737 732 1798 interpretari
752 1739 820 1789 iicet
843 1750 895 1805 ea,
926 1750 1000 1804 qaae
1018 1738 1059 1789 cd
1076 1734 1132 1787 noc
1147 1735 1249 1801 pcrti-

187 1808 277 1867 nent,
300 1807 329 1855 ct
346 1803 373 1856 in
391 1807 548 1857 memoriam
568 1818 673 1858 vocare
691 1807 776 1874 tatia,
800 1811 883 1870 quale
903 1808 971 1859 iliud
990 1799 1135 1857 Ciceronis
1155 1804 1246 1856 Acad.

190 1879 223 1938 1,
248 1876 280 1925 11
305 1874 349 1940 (s.
373 1871 424 1940 41)
450 1875 558 1944 feretis
580 1871 673 1928 tacet
701 1877 852 1941 dequibus
875 1877 934 1943 egit
951 1874 1149 1941 Wopkensins
1164 1876 1247 1926 heco.

189 1945 260 1996 ruit.
279 1946 306 2008 1,
322 1943 341 1994 4
358 1957 384 2007 p.
402 1942 520 1995 22-24
536 1946 623 1997 Hand.

225 2011 376 2079 petierunt]
405 2014 577 2074 petiverant
594 2016 624 2068 S.
648 2013 726 2066 ocio.
744 2016 779 2069 A.
802 2015 875 2068 liar.
900 2012 934 2065 A.
960 2011 1045 2065 vind.
1063 2014 1099 2064 A.
1120 2008 1163 2063 Cf.
1181 2012 1246 2062 adn.

191 2096 233 2135 cr.
249 2084 286 2132 ad
302 2080 329 2144 4,
347 2084 386 2134 27
401 2081 429 2141 S.
448 2080 468 2134 4
486 2085 651 2147 (proteram
668 2084 741 2135 Med.
760 2087 805 2144 e.)

190 2151 375 2273 dippcdppecp
392 2152 477 2284 vesp.
495 2151 528 2204 Α.
549 2155 626 2220 iigm.
645 2155 743 2217 (reug.
760 2150 810 2220 A.)
827 2150 891 2203 Per.
909 2152 944 2204 A.
962 2162 1019 2202 non
1034 2149 1102 2216 imp.
1119 2147 1179 2214 (-
1194 2161 1249 2214 pe·

213 2219 239 2272 ie
255 2223 288 2272 ai
332 2222 356 2269 ei
377 2253 385 2270 .
404 2224 438 2270 A.
679 2236 693 2257 ··

226 2289 252 2350 s.
272 2286 292 2339 4
310 2289 339 2338 in
355 2289 493 2341 sentencie
510 2291 649 2350 perstare]
679 2290 766 2355 „iinc
788 2288 884 2341 ordine
902 2290 978 2341 MSS.
996 2286 1248 2353 meriquepme.

190 2361 276 2421 Bong.
293 2352 327 2407 A.
344 2359 428 2410 voss.
447 2359 477 2410 c.
495 2361 575 2409 maie.
593 2360 768 2411 sententiam
787 2362 874 2411 Doro.
892 2372 953 2409 com
975 2359 1065 2409 Bheii.
1084 2367 1113 2406 st
1125 2352 1249 2408 Giend.“

191 2428 306 2479 Scilicet
322 2428 388 2476 ante
400 2428 469 2478 oud.
481 2428 549 2477 editi
561 2437 670 2489 praeter
682 2430 780 2486 Veni.
796 2428 911 2491 primum
925 2429 1011 2479 verbo
1024 2429 1113 2478 iocum
1127 2426 1251 2477 tribuunt

192 2510 254 2546 cum
272 2495 331 2545 Pal.
350 2496 398 2546 Dr.
417 2497 446 2545 ii.
472 2497 548 2546 Vrec.
567 2496 597 2547 c.
617 2498 698 2548 Goth.
718 2498 747 2549 Β.
770 2497 865 2548 Homo.
887 2492 968 2547 Vinci.
988 2496 1026 2561 1..
1056 2496 1250 2546 accusativum

192 2567 294 2625 eutem,
312 2575 391 2626 quem
409 2565 475 2615 0od.
494 2577 529 2612 ex
547 2577 600 2615 uno
612 2567 698 2617 Doro.
717 2567 808 2631 effert,
826 2565 958 2616 editiones
974 2568 1036 2616 ente
1050 2565 1098 2617 Gr.
1114 2576 1141 2618 a.
1152 2577 1250 2618 omncs

193 2637 305 2696 praeter
325 2633 396 2683 ven.
415 2634 436 2682 t.
454 2633 583 2684 exhibent
600 2646 659 2683 enm
679 2636 739 2685 Psi.
755 2634 803 2688 Dr.
817 2636 848 2684 B.
865 2634 945 2684 Vrat.
962 2630 992 2684 C.
1012 2638 1040 2686 et
1056 2648 1092 2685 m.
1110 2650 1151 2697 pr.
1166 2635 1250 2685 Goth.

192 2704 224 2753 B.
249 2715 363 2764 eumque
387 2702 565 2752 Rhcllicanos
585 2703 663 2765 quest
683 2705 793 2756 Graece
811 2703 920 2754 dicendi
940 2705 1029 2754 torma
1045 2717 1096 2756 uso
1114 2703 1251 2765 scriptore

193 2773 320 2829 terebat.
346 2771 529 2832 Giendorpius
555 2784 615 2820 cum
641 2772 820 2825 ciceroniano
843 2774 874 2824 in
892 2772 1002 2824 saturae
1020 2772 1205 2836 perscribere
1221 2778 1252 2821 et

194 2834 367 2891 Caesariano
385 2840 417 2889 tn
432 2841 607 2903 potestatem
624 2840 729 2895 iniere
749 2843 943 2907 comparabam
961 2843 1075 2906 denique
1092 2844 1253 2908 praestare

193 2921 244 2971 pro
261 2913 399 2974 perstare
418 2908 551 2958 communi
568 2921 664 2962 errore
680 2912 813 2977 scriptum
830 2915 874 2963 est
894 2912 923 2962 in
941 2914 1025 2976 Bong.
1046 2915 1079 2964 A·
1100 2913 1142 2963 Pl.
1160 2910 1248 2963 Vind.

195 2977 255 3030 AF.
275 2982 431 3041 pererrare
449 2980 477 3028 in
496 2980 568 3034 Hev.
588 2983 623 3033 A.

229 3046 341 3127 recipit]
371 3047 487 3112 recepit
510 3050 595 3113 Βοῦς.
619 3053 654 3101 A.
679 3044 757 3114 (com
781 3050 793 3102 t
815 3061 901 3112 sopor
924 3059 1016 3129 esec.
1036 3052 1095 3112 ΡΙ.)
1111 3050 1196 3103 Voss.
1217 3051 1249 3102 li.

193 3127 332 3198 (recctptt
350 3132 462 3193 tiemo.)

158 3286 261 3353 minus,
274 3298 355 3351 quam
368 3287 457 3352 prima
470 3285 500 3338 in
515 3287 687 3352 cogitatione
720 3288 872 3353 inpediret]
891 3288 935 3344 ci.
954 3290 999 3342 ad.
1018 3293 1045 3357 2,
1063 3286 1100 3340 24
1118 3286 1145 3349 S.
1164 3289 1179 3338 1
1198 3288 1250 3338 ad-

161 3361 191 3408 et
215 3360 360 3409 voluntate
380 3358 510 3409 consistit
528 3361 557 3408 et
574 3361 609 3410 ab
627 3360 686 3411 iliis
721 3361 829 3422 scripta
846 3363 876 3411 et
891 3361 955 3411 adn.
970 3373 1013 3412 or.
1031 3361 1068 3410 ad
1084 3363 1112 3425 3,
1129 3360 1164 3408 19
1177 3357 1207 3418 s.
1221 3355 1254 3409 4.

160 3428 219 3477 tum
242 3428 364 3479 interdiu
387 3441 440 3478 non
467 3430 577 3495 minus,
605 3442 687 3491 qoam
773 3432 800 3494 s.
814 3429 831 3480 5
844 3431 992 3481 ne—viae
1006 3440 1252 3493 praeoccuparen-

160 3498 275 3548 eilentio
304 3497 394 3548 noctis
425 3497 488 3547 fieri
520 3501 631 3560 poterat
660 3507 688 3550 et
721 3502 781 3559 tur]
810 3500 900 3551 Simili
921 3501 1030 3551 ratione
1051 3504 1119 3550 naec
1138 3499 1250 3564 adque

160 3565 254 3616 fiebat.
299 3567 358 3617 Nec
383 3567 453 3616 satis
480 3569 546 3631 epte
577 3569 689 3618 confert
722 3569 830 3623 timore
853 3570 949 3622 addita
973 3572 1039 3620 sunt
1063 3572 1148 3630 etque
1169 3567 1203 3633 5,
1231 3562 1252 3616 4

162 3637 194 3696 6,
214 3631 233 3683 4
251 3634 277 3695 S.
295 3637 327 3685 1:
355 3637 429 3687 Acco
444 3658 476 3671 -
495 3636 570 3686 incer
587 3636 619 3685 in
636 3650 688 3699 op·
722 3637 750 3699 s.
774 3634 794 3687 4
818 3652 900 3689 ruam
922 3641 1051 3705 pretinm
1076 3638 1158 3688 inter
1183 3648 1254 3687 sace

162 3704 230 3767 pido
270 3704 482 3757 mutitudinem
522 3706 689 3757 convenire.
722 3706 815 3757 minua·
837 3709 873 3758 ad
900 3710 931 3760 td
957 3711 1078 3775 factam.
1120 3707 1253 3757 ceterum

163 3768 335 3824 Conantitur
352 3776 447 3839 prins,
465 3788 550 3838 quam
565 3775 596 3826 td
610 3772 690 3841 efflei
722 3788 779 3827 non
794 3779 839 3826 est
854 3779 926 3838 quod
939 3781 1036 3828 herum
1049 3775 1157 3827 viarum
1171 3789 1253 3825 men·-

161 3845 270 3907 porset,
288 3844 556 3919 adcerfflliomencs-
567 3845 690 3895 nontia-
724 3846 828 3897 tionem
841 3846 870 3896 in
884 3847 1073 3908 superiorious
1086 3845 1255 3907 ascripsere

162 3913 224 3962 tar.
260 3906 437 3987 Neceeqrid
466 3914 613 3979 cententio
637 3915 690 3965 dc·
722 3918 825 3967 tactam
844 3928 899 3966 oon
916 3929 979 3966 esse
997 3917 1111 3968 mireris
1131 3918 1182 3966 eut
1198 3928 1254 3978 pu-

159 3979 279 4031 atstrmt.
315 3980 445 4033 lbienini
466 3986 602 4037 conantes
621 3985 686 4034 sunt
728 3997 816 4048 gnere
835 3988 888 4037 noc
903 3998 964 4035 cum
986 3986 1053 4051 iilo,
1066 3987 1154 4048 -quod
1172 3999 1196 4035 c.
1218 3981 1254 4035 15

160 4050 363 4101 convenientes
384 4056 414 4102 et
432 4053 524 4103 tacere
543 4053 587 4118 id,
612 4055 685 4118 quod
728 4056 755 4117 S.
775 4056 792 4106 5
810 4058 839 4107 et
858 4056 902 4118 17,
921 4058 936 4105 1
954 4057 989 4105 de
1002 4070 1057 4109 ono
1072 4058 1108 4105 ed
1123 4054 1256 4120 oppidum

116 4138 118 4143 ¹
160 4118 330 4184 iussisunt,
348 4125 527 4183 soporantes.
642 4174 648 4184 ,
726 4125 805 4175 aditu
831 4126 1017 4191 dictumest,
1049 4129 1140 4188 putes.
1175 4125 1256 4174 Unus

210 4191 273 4254 §.a
304 4190 341 4241 sd
359 4190 519 4253 capiendam
542 4191 684 4257 iugem-
727 4195 799 4247 enim
824 4194 1040 4261 oppugnationis
1066 4198 1129 4248 erat
1161 4195 1256 4248 aditos
