2700 4726
408 275 515 349 nin.
537 275 619 348 Vll.
660 274 782 349 cAP.
809 274 859 348 72'
1100 282 1167 351 661

83 470 246 551 quantum
266 483 394 531 sumum
405 466 523 533 fossae
539 465 636 533 lubra
651 464 830 533 distarent.
872 461 1035 553 Reliquos
1050 485 1166 530 omnes
1190 470 1211 530 2

83 553 288 621 munitiones
320 552 362 617 nb
392 573 431 619 eo
457 554 552 620 iosso
581 554 685 642 pedes
721 553 984 640 quadringentos
1013 550 1166 621 reduxit:

150 754 255 795 summa
272 743 379 802 fossae]
404 742 479 794 Leid.
497 740 529 793 A.
555 747 642 795 naen.
668 745 732 793 Pur.
751 745 785 792 A.
809 754 866 793 sec.
893 741 1098 806 Achoiutrium‚
1123 740 1169 793 cni

118 814 203 863 tacite
221 811 352 872 idiosum
370 814 455 862 edens
472 813 550 865 fidem
565 816 634 865 iacit
651 814 803 863 nonnosus
827 823 939 862 comma
957 813 1025 862 And.
1046 812 1097 861 ox.
1116 811 1167 863 Cu.

117 883 189 933 Hae.
208 883 241 934 A.
266 882 350 937 Viud.
365 879 397 932 A.
419 881 480 932 Aid.
501 885 530 931 et
548 896 608 945 sqq.
633 886 748 943 excepte
764 882 804 930 st.
828 893 954 932 onmmae
978 879 1042 929 libri
1060 881 1169 943 quidem

118 954 192 1002 teste
208 951 302 1012 Lipsio
323 952 440 1004 Poiiorc.
460 955 492 1012 ²,
512 954 525 1000 i
552 967 578 1012 o.
595 954 630 1001 62
648 954 691 1001 ed.
709 953 843 1011 Antveru.
862 952 940 1001 1605.
966 961 1125 1019 utrumquem
1142 950 1168 1000 is

118 1019 209 1070 videri
236 1023 324 1081 potest
349 1031 404 1070 non
430 1020 513 1073 aliem
537 1021 701 1081 scripturum
731 1019 890 1083 siguificare
915 1019 1058 1085 votuisse,
1087 1029 1169 1080 quam

120 1101 191 1152 quoe
217 1090 392 1151 plurimorum
415 1089 548 1141 librorum
577 1093 638 1155 est,
668 1100 795 1139 comneno
822 1089 937 1156 fossae,
967 1100 1046 1152 quum
1069 1087 1169 1138 hebeno

119 1156 218 1221 reliqui
241 1158 352 1211 codices
376 1159 445 1210 oud.
467 1159 527 1210 Pet.
545 1158 628 1210 Voss.
647 1160 682 1210 A.
701 1157 775 1210 Gott.
801 1159 877 1222 ligur.
901 1159 969 1207 [ιον.
988 1156 1055 1207 Lbb.
1078 1157 1112 1207 ii.
1135 1158 1168 1207 N.

121 1228 206 1279 voss.
225 1226 266 1277 Gi.
293 1227 373 1280 Gerr.
397 1228 457 1278 cod.
480 1228 558 1279 Tum.
584 1227 680 1278 Brout.
697 1227 779 1279 cond·
798 1228 884 1291 Boog.
900 1224 935 1275 A.
953 1226 1015 1277 Per.
1034 1229 1068 1276 A.
1087 1225 1169 1288 Nino.

120 1296 344 1349 Dr.A1i.Vrut.
364 1297 441 1349 Ano.
459 1297 539 1349 Goth.
558 1296 726 1347 Ammoni.
745 1296 804 1349 Gn·
816 1291 896 1347 vind.
916 1295 1007 1345 Biiffl.
1029 1309 1090 1346 cum
1108 1296 1169 1345 edd.

119 1370 184 1417 unte
202 1366 264 1415 Aid.
284 1375 313 1415 et
330 1367 371 1421 St.
396 1369 520 1425 (summe
535 1368 614 1435 foece
637 1367 724 1431 Bong.
743 1367 777 1415 A.
802 1365 877 1419 Gott.
899 1366 967 1418 Wh.
993 1363 1071 1417 Viud.
1090 1364 1170 1416 nnn.

118 1447 228 1485 onmnoe
251 1437 349 1502 fossae
374 1436 457 1487 Viud.
478 1434 510 1487 Ii.
536 1438 609 1488 ven.
627 1439 666 1494 e.)
707 1436 749 1485 nx
774 1433 815 1485 tris
839 1433 964 1498 recipere
987 1434 1084 1500 {osone
1115 1446 1171 1485 nou

121 1503 261 1568 dubitavi,
292 1518 352 1554 eum
378 1504 482 1556 cneum*
507 1506 619 1566 eseoius
642 1502 808 1568 pronominis
830 1505 893 1556 loco
914 1514 1013 1554 nomen
1034 1515 1169 1566 usurpare

121 1575 227 1635 soieot3
260 1586 387 1625 omnortae
409 1586 478 1627 vero
500 1576 641 1635 praeferre
665 1584 718 1624 uon
745 1572 829 1634 potui.
868 1574 938 1622 Num
962 1584 1017 1635 que
1038 1570 1068 1623 in
1092 1582 1169 1634 purte
1207 1628 1208 1633 .

119 1644 216 1693 fussee
239 1643 330 1704 positu
354 1646 447 1693 esseut
468 1645 566 1708 lutra,
591 1642 699 1694 ostendi
724 1653 780 1693 nou
805 1641 894 1705 magis
917 1641 1064 1705 attinebat,
1089 1652 1171 1704 quem

121 1711 168 1762 ubi
186 1714 261 1762 esset
276 1715 386 1769 solnmc
404 1713 523 1773 ipsorum
543 1724 609 1762 vero
626 1725 693 1775 pure
713 1719 851 1777 extremo,
869 1712 899 1761 in
918 1723 999 1774 quem
1014 1711 1171 1761 desinerem

119 1793 254 1843 superne,
276 1782 336 1831 sine
353 1782 505 1842 tautologia
521 1779 703 1832 demonstrari
721 1784 839 1845 poteret.
883 1781 981 1842 ltaque
998 1778 1073 1830 tenui
1090 1792 1172 1831 cnm·

119 1862 187 1908 mo3
207 1851 240 1899 de
258 1862 311 1911 ouo
329 1863 358 1899 v.
378 1850 493 1900 ednod
511 1852 545 1916 t,
563 1853 598 1899 22
615 1849 642 1910 s.
660 1852 688 1900 1.

154 1935 301 1994 distarent]
328 1934 387 1985 Pet.
406 1935 489 1987 Voss.
507 1937 541 1985 A.
563 1936 641 1999 Egon.
660 1934 734 1985 (icit.
758 1933 826 1984 Lon.
844 1932 914 1984 noh.
933 1932 1015 1983 Febr.
1035 1933 1118 1997 Boug.
1136 1935 1172 1983 A.

119 2003 161 2053 Pi.
189 2004 255 2058 Pur.
274 2005 307 2054 A.
329 2006 416 2054 Hecu.
442 2007 533 2055 Brunt.
553 2005 600 2054 Dr.
618 2004 673 2052 AB.
694 1999 774 2053 Vtut.
791 2001 871 2051 Anc-
897 2002 976 2052 Goth.
993 2003 1050 2051 AB.
1074 2003 1172 2053 Humi).

120 2072 174 2122 Gn.
191 2072 272 2121 vind.
289 2071 343 2122 CF.
362 2075 422 2123 edd.
439 2077 504 2124 unte
519 2073 577 2127 Ald.
596 2070 776 2123 distinebant
794 2070 878 2121 Viud.
891 2073 923 2119 A.
941 2070 1087 2123 distabunt
1101 2073 1170 2123 And.

121 2143 172 2192 ox.
192 2141 240 2191 cu.
260 2143 288 2196 S,
306 2141 364 2191 Pet.
383 2153 439 2192 soc.
458 2143 527 2193 oud.
547 2146 619 2201 (tres
636 2140 736 2198 cond.)
753 2139 827 2189 Rev.
844 2140 879 2188 A.
898 2140 963 2188 Aid.
977 2146 1005 2187 et
1021 2151 1080 2201 sqq.
1113 2141 1172 2190 Nec

120 2209 195 2260 uliud
213 2223 248 2258 ex
265 2212 324 2261 cod.
344 2211 422 2265 Ture.
446 2219 474 2261 et
495 2223 513 2263 s
531 2209 612 2260 Bruto
634 2206 750 2263 ccsrr.
774 2209 802 2257 et
824 2209 867 2258 ed.
886 2206 958 2258 iiior.
978 2207 1111 2273 effertur,
1136 2222 1173 2259 ex

123 2291 178 2344 qus
203 2291 263 2328 cum
286 2290 338 2340 ego
362 2279 512 2332 dictarent
534 2281 651 2331 reiatum
670 2275 840 2342 occeperim,
865 2277 938 2340 quod
960 2277 1043 2327 ettam
1062 2277 1135 2329 Veu.
1149 2278 1173 2331 i.

120 2347 245 2407 exhibet,
272 2348 381 2401 Brutum
399 2349 498 2409 hocin
514 2351 595 2412 parte
613 2344 939 2398 coronandorum
959 2345 1066 2412 minus,
1091 2359 1173 2408 quen

120 2417 197 2483 iiior.
216 2416 317 2467 habere
337 2417 487 2470 dictarent
507 2416 658 2467 verisimile
674 2418 726 2465 est.
759 2409 834 2464 Idem
851 2413 920 2466 oud.
937 2414 1044 2467 imonis
1063 2418 1174 2477 promtu

121 2487 241 2551 quinque
265 2486 417 2538 nominatos
435 2487 560 2539 omnibus
582 2494 611 2537 et
628 2485 657 2537 iu
680 2484 798 2536 eliorum
815 2484 954 2535 codicibus
971 2483 1028 2547 legi
1045 2488 1173 2549 testetur,

122 2563 243 2605 ceterum
261 2563 350 2608 utrum
368 2558 492 2622 legatur,
508 2555 576 2606 uiiil
593 2554 728 2605 iuteresse
743 2555 829 2617 putot.
858 2552 1074 2618 coniunctivae,
1093 2566 1174 2619 quem

122 2624 231 2677 codices
257 2627 461 2690 commendant,
485 2625 647 2688 scriptorem
669 2635 724 2674 non
747 2622 781 2672 de
807 2625 885 2673 certo
909 2622 976 2687 iilo,
1006 2635 1089 2686 qnam
1113 2623 1174 2688 ipse

121 2695 228 2745 insuam
248 2695 343 2755 pedum
361 2692 427 2743 XX.
446 2693 542 2744 dicens
560 2691 709 2755 iudicavit,
733 2702 897 2742 summorum
915 2692 1053 2745 labrorum
1070 2690 1175 2743 distau-

120 2762 178 2825 tic‚
198 2762 250 2813 sed
267 2763 301 2811 de
319 2760 488 2824 quantalibet
505 2763 621 2826 cogitari
638 2762 711 2811 velie
731 2759 885 2826 siguificat,
903 2760 1045 2822 cuiquasi
1062 2773 1175 2813 normee

42 2832 46 2839 '
120 2831 367 2885 accommodantem
385 2843 449 2880 sese
473 2832 501 2880 et
519 2832 714 2892 adsequaotem
731 2829 784 2879 soii
807 2829 979 2881 latitudinem
996 2829 1081 2892 ponit.
1115 2832 1174 2880 Ne-

123 2913 177 2964 que
195 2901 224 2951 iu
241 2900 371 2952 derectis
389 2899 532 2952 lateribus
550 2900 632 2951 aliter
649 2898 710 2948 deri
727 2899 843 2959 poteret.
878 2898 911 2949 ld
929 2911 997 2950 vero
1014 2900 1175 2949 necessario

123 2969 331 3034 significandum
348 2976 375 3020 ec
392 2977 539 3031 propterea
554 2967 744 3019 abstinendum
760 2966 849 3017 inisse
865 2965 1013 3019 indicativo
1025 2980 1078 3019 nou
1096 2967 1175 3019 vide-

122 3043 178 3091 tur.
213 3038 257 3090 ci.
274 3036 307 3104 5,
326 3040 360 3089 19
382 3038 409 3099 s.
428 3040 461 3091 ³:
483 3035 715 3102 Relinquebatur
731 3036 767 3084 nt
785 3063 820 3077 -
837 3036 1003 3089 tantumno
1021 3036 1104 3106 cyrio
1119 3050 1175 3088 nn·

121 3108 237 3160 utendis
266 3108 461 3173 inconditoque
490 3106 633 3174 faciendis
662 3103 789 3155 toronus
819 3107 998 3169 noceretur,
1032 3109 1175 3172 qnantum

121 3178 220 3231 tutore
236 3179 325 3243 atque
342 3177 453 3231 itinere
470 3174 626 3245 legionarii
644 3174 750 3227 milites
766 3172 887 3238 efficere
902 3177 1052 3239 poterant.

158 3263 223 3322 §.2
240 3265 323 3325 pedes
340 3259 566 3328 quadringentos]
588 3257 789 3311 Accusativum.
801 3258 871 3315 0ud.
887 3273 923 3311 ex
940 3261 1025 3326 Boug.
1038 3263 1072 3312 A.
1090 3263 1177 3314 voss.

122 3334 157 3383 A.
176 3332 236 3383 Pet.
254 3333 341 3389 Pnim.
360 3334 432 3383 hou.
447 3333 525 3396 Egm.
544 3340 573 3381 et
591 3331 637 3396 „7
656 3325 748 3379 oiiie“
765 3328 871 3391 recepit
883 3341 932 3392 pro
945 3330 1078 3397 ablativo,
1095 3344 1176 3393 quem

123 3403 160 3453 eb
176 3401 247 3451 Aido
267 3402 409 3463 vulgatum
434 3413 509 3465 seqq.
536 3400 596 3451 edd
620 3397 742 3460 exceptis
765 3396 851 3449 vase.
875 3400 915 3449 st.
939 3400 990 3450 Gr.
1009 3401 1036 3453 it.
1058 3399 1177 3464 (Freli.)

122 3475 277 3522 tenuerent.
313 3473 349 3521 nt
372 3469 459 3533 pedes
481 3483 543 3521 cum
564 3469 623 3519 edd
642 3470 706 3519 unte
723 3467 827 3519 Aidum.
844 3469 945 3519 hebent
962 3469 1022 3519 Pet.
1039 3472 1122 3521 Voss.
1139 3472 1175 3519 A.

129 3540 208 3602 num.
226 3540 300 3590 Gott.
317 3539 401 3589 Febr.
417 3541 508 3590 Bruut
528 3539 613 3592 cond.
636 3539 719 3600 Βοῦς.
737 3540 771 3588 A.
796 3536 840 3586 Pi.
856 3538 961 3598 licen.)
983 3538 1047 3589 Pur.
1068 3542 1103 3588 Δ.
1129 3540 1175 3589 tir.

123 3611 180 3660 AB.
200 3610 278 3662 vrot.
294 3607 375 3659 ABG.
391 3608 472 3659 Goth.
489 3606 544 3660 Ae.
564 3608 663 3659 iiomb.
680 3609 711 3656 et
727 3604 952 3657 vtumoouenees
964 3614 1076 3671 praeter
1093 3620 1176 3660 uuom

124 3681 176 3743 A„
203 3678 247 3741 qui
266 3690 327 3728 cum
344 3676 440 3728 Vrsini
457 3677 529 3728 libro
554 3680 584 3727 et
599 3677 674 3729 Huv.
691 3676 730 3725 A..
749 3675 860 3725 exhibet
879 3674 1008 3740 peditur.
1030 3678 1176 3744 quadrite-

123 3749 226 3814 nentes
243 3748 376 3807 scriptum
393 3755 437 3797 eet
452 3746 480 3799 iu
498 3747 583 3797 Voss.
601 3749 636 3797 A.
654 3746 731 3808 lgm
746 3744 829 3798 Febr.
846 3746 922 3807 Boug
947 3749 980 3796 A.
999 3746 1042 3798 Pi.
1059 3748 1125 3800 Per.
1140 3752 1175 3799 A.

125 3820 174 3869 Dr.
197 3821 230 3869 A.
262 3811 340 3869 vrot.
360 3819 395 3871 A.
420 3815 498 3866 Goth.
516 3813 551 3866 A.
576 3814 672 3867 flemb.
695 3811 775 3867 Viud.
799 3813 846 3867 01.
876 3814 964 3866 0000
986 3815 1015 3867 in
1042 3817 1113 3868 iicv.
1138 3822 1175 3868 A.

123 3888 174 3937 Dr.
191 3887 222 3939 li.
239 3885 318 3937 Vrut.
334 3885 387 3937 BG.
406 3884 486 3936 com.
500 3884 530 3937 B.
549 3883 630 3935 Viud.
644 3880 749 3934 Annii.
768 3883 829 3933 edd.
846 3892 911 3934 onte
928 3885 992 3936 Aid.
1011 3887 1037 3935 b.
1055 3888 1084 3937 et
1096 3888 1176 3938 Turn.

123 3955 173 4006 01)
197 3954 226 4005 iu
249 3956 309 4005 Atd.
338 3956 362 4006 b.
388 3953 464 4015 Line.
486 3965 546 4016 sqq.
579 3952 638 4003 lice
659 3951 746 4015 pedes
770 3951 828 4002 011.
864 3951 1068 4007 (iuisehurdtue
1089 3956 1176 4007 Mem.

124 4024 203 4076 milit.
223 4026 256 4089 1,
274 4027 329 4075 293
349 4023 377 4075 iu
395 4022 525 4073 caesam
543 4023 637 4073 vertis
652 4020 769 4084 margini
787 4023 934 4084 adscriptio
952 4024 1070 4077 intectos
1085 4028 1177 4077 relin-

124 4104 211 4156 quens
237 4093 265 4143 in
292 4104 344 4143 eun
365 4091 541 4143 munitionum
567 4091 748 4154 descriptione
773 4090 857 4143 tecite
883 4093 912 4143 iu
938 4094 1048 4145 totidem
1071 4107 1175 4156 possus
1280 4158 1284 4163 .

122 4162 253 4215 monuit:
269 4164 292 4216 n
307 4161 343 4229 tit
358 4156 519 4215 monor-d
535 4163 642 4229 contre
658 4172 726 4215 cene
742 4172 795 4224 one
810 4161 848 4214 do
861 4161 892 4215 le
906 4162 985 4230 itane
1002 4165 1039 4217 de
1052 4167 1173 4217 contre-
