2700 4726
213 301 283 372 ete
492 298 565 369 on
592 298 773 369 annno
801 240 1051 376 nstttoo

212 489 269 559 68.
291 488 423 575 Fugato
443 491 533 559 omni
552 491 708 579 equitatu
723 488 980 575 Vercingetorix
1000 487 1115 576 copias
1135 507 1235 568 suas,
1256 494 1299 554 ut

212 598 275 665 pro
296 578 419 646 eastris
443 581 696 658 conlocauerat,
724 575 859 642 redusit
881 578 1104 668 protinusque
1125 575 1297 656 Alesiam,

212 664 303 753 quod
338 674 393 731 est
418 666 586 755 oppidum
617 662 895 746 Mandubiorum,
934 666 1002 730 iter
1036 665 1147 728 facere
1182 665 1298 751 coepit

212 753 435 840 celeriterque
466 754 706 842 impedimenta
728 774 768 817 ex
793 755 916 819 castris
940 751 1038 816 educi
1059 757 1095 815 et
1115 772 1152 817 se
1174 752 1298 816 subse·

169 851 191 912 2
238 842 273 905 ni
303 839 416 909 iussit.
468 840 597 909 Caesar
625 837 874 926 impedimentis
901 841 938 905 in
957 837 1146 926 proximum
1173 839 1297 904 collam

211 861 384 1008 deductis,
412 927 542 996 duabus
577 927 767 1014 legionibus
795 924 966 1018 praesidio
994 925 1124 992 relictis
1157 934 1298 992 secutus

276 1119 306 1181 s.
323 1120 338 1168 1
356 1111 437 1180 suas]
461 1131 514 1174 om.
534 1120 594 1170 Pet.
610 1120 693 1171 vose.
712 1118 744 1171 Α.
769 1121 842 1173 ectr.
864 1119 943 1181 ligre.
961 1114 1034 1168 Lov.
1053 1116 1134 1165 reor.
1160 1117 1244 1180 iiong.
1262 1118 1297 1167 Δ.

242 1187 286 1241 1³1.
306 1187 368 1239 rar.
387 1191 420 1244 A.
443 1190 489 1239 ur.
509 1191 542 1239 n.
562 1189 642 1242 vrat,
659 1193 692 1240 s.
718 1192 747 1239 et
767 1201 786 1240 e
803 1202 837 1243 n.
858 1200 900 1251 pr·
917 1187 947 1234 B·
972 1186 1051 1238 eota.
1068 1182 1102 1234 A.
1127 1186 1225 1236 uano.
1242 1185 1298 1237 ou.

242 1257 326 1307 vind.
345 1257 373 1304 Β.
393 1257 445 1311 ino.
463 1269 519 1307 seo.
538 1258 597 1308 iilo.
623 1266 688 1308 ante
711 1258 809 1320 copiae
826 1256 900 1318 ponit
924 1266 942 1304 a
963 1267 999 1305 m.
1019 1268 1043 1307 s.
1067 1255 1147 1305 vrat.
1166 1256 1197 1303 Β.
1224 1266 1298 1320 quae

219 1324 314 1376 suun.
338 1324 415 1378 Leid.
433 1328 464 1379 Β.
490 1328 574 1378 Dorr.
602 1327 662 1377 Pal.
686 1327 733 1377 Dr.
754 1327 783 1380 Β,
808 1327 890 1377 Vret.
909 1323 939 1376 0.
972 1324 1053 1374 Goth.
1076 1324 1105 1379 u.
1131 1320 1213 1375 vina.
1238 1324 1295 1376 llll.

243 1395 353 1445 vent.
378 1408 401 1448 a.
421 1407 492 1460 qaas
518 1396 601 1445 vind.
619 1391 665 1444 cl.
689 1408 758 1446 ecoe
783 1395 851 1446 ond.
876 1407 936 1444 com
961 1394 1022 1447 edd.
1045 1393 1184 1455 plerisque
1207 1393 1297 1444 tenuia

241 1463 407 1513 auctoritate
431 1465 552 1514 codicum
577 1465 647 1514 And.
672 1464 722 1515 ox.
747 1464 795 1516 cu.
818 1467 846 1514 s.
868 1463 943 1513 Leid.
961 1464 1014 1525 A„
1049 1462 1145 1526 quibus
1167 1461 1242 1514 Iler.
1259 1464 1298 1514 A..

242 1527 322 1582 Vind.
341 1529 375 1583 Α.
393 1533 541 1583 accedente
560 1532 680 1595 reliquos
695 1545 729 1582 eu
749 1545 847 1584 carere
864 1534 991 1582 testatur.

276 1603 319 1664 nt]
338 1613 390 1653 orn.
411 1602 480 1651 Duk.
498 1603 581 1665 Bong.
597 1601 628 1653 c.
650 1602 699 1652 Dr.
714 1603 745 1652 Β.
764 1603 845 1655 vind.
863 1596 931 1650 cri.
949 1598 1027 1651 Vere
1044 1600 1065 1649 i.

274 1670 482 1733 conlocauerat]
514 1673 652 1727 Vosne.
683 1672 762 1734 Egm.
794 1672 892 1734 (flung.
917 1671 965 1728 Α.)
998 1669 1062 1721 Par.
1087 1664 1120 1717 Α.
1155 1664 1235 1721 Vret.
1260 1671 1294 1720 Δ.

212 1782 215 1787 .
240 1748 292 1789 non
309 1742 371 1790 coli.

275 1807 304 1869 S.
319 1812 345 1858 2.
363 1804 566 1873 inpedimentis]
589 1807 674 1858 voss.
692 1809 725 1858 Α.
743 1809 844 1872 (Bong.
864 1803 914 1868 Α.)
930 1808 995 1859 l’ar.
1011 1810 1044 1858 Α.
1065 1821 1118 1858 nen
1134 1809 1203 1871 imp.

274 1876 439 1940 proximum]
458 1888 635 1939 pronomem
652 1877 728 1940 ltgn.
748 1878 811 1928 Par.
826 1880 862 1927 A.
887 1877 930 1929 Gi.
948 1878 1009 1927 adn.
1028 1890 1068 1930 cr.
1083 1880 1117 1929 ed
1135 1891 1158 1927 c.
1171 1877 1209 1928 67
1226 1875 1252 1938 S.
1265 1880 1292 1931 7.

274 1944 393 2011 duabus]
412 1945 576 2009 dandosque
595 1947 666 1995 liar.
681 1948 714 1994 A.
731 1947 794 1996 nid.
813 1959 872 2008 sqq.
889 1947 972 1997 etiarn
990 1944 1032 2000 ci.
1049 1956 1077 1997 et
1092 1948 1159 1997 ond.
1178 1958 1293 2010 quorum

239 2024 330 2066 tamen
350 2017 423 2066 aiter
443 2015 568 2080 dantur,
594 2016 663 2077 quod
681 2015 756 2070 MSS.
773 2014 934 2076 exhibeant,
955 2017 1090 2066 veriorem
1107 2027 1171 2064 csse
1189 2015 1293 2068 iectio-

239 2098 317 2152 nem,
345 2085 416 2135 aiter
435 2086 575 2149 copulem,
603 2094 672 2146 quae
690 2083 762 2134 absit
784 2084 865 2134 etiarn
883 2094 901 2133 a
918 2085 1002 2149 Bong.
1020 2085 1114 2136 Leidd.
1132 2085 1292 2151 Vossienis,

236 2156 336 2205 Peter.
354 2155 430 2214 Egro.
447 2155 554 2205 Lorau.
574 2151 728 2216 ceterisque
746 2160 774 2202 et
792 2154 859 2203 Edd.
878 2152 987 2217 primis,
1012 2153 1096 2205 deleri
1116 2165 1201 2215 posse
1219 2153 1291 2206 indi·
1334 2191 1337 2197 .

236 2230 291 2274 cate
326 2223 358 2272 in
377 2223 460 2275 Febr.
479 2223 577 2272 abesse
596 2232 652 2285 qae
669 2234 688 2272 a
704 2222 787 2273 Voss.
799 2224 832 2272 Α.
852 2223 909 2271 Pet.
924 2223 997 2272 Gntn
1014 2224 1090 2286 Egra.
1108 2223 1175 2272 Lib.
1194 2231 1291 2273 osten-

235 2292 323 2356 ditur,
342 2292 375 2340 de
393 2291 442 2341 cn.
463 2293 532 2343 ιον.
550 2291 603 2342 Lo.
620 2297 651 2340 ut
668 2291 695 2340 in
712 2290 850 2341 cond-de
868 2292 926 2341 Pet.
949 2291 1030 2355 liung.
1045 2292 1074 2342 G.
1094 2290 1153 2343 Pal.
1169 2293 1288 2343 tacetur.

236 2359 306 2410 ltenr
326 2362 405 2410 abest
422 2371 440 2410 a
458 2360 535 2412 Cart.
556 2360 615 2409 cod.
634 2361 712 2409 Turr.
732 2361 814 2424 Bong.
829 2363 864 2409 A.
880 2361 923 2414 Pi.
941 2360 1004 2417 Par.
1020 2364 1055 2410 A.
1071 2360 1120 2412 Dr,
1134 2362 1190 2411 su.
1209 2364 1289 2415 Vnae.

145 2428 150 2443 ⁴
235 2429 314 2480 ABG.
341 2429 419 2478 Goth.
443 2427 472 2480 Β.
499 2430 542 2493 ct,
569 2428 615 2490 qui
638 2438 657 2476 a
680 2441 715 2477 m.
740 2442 781 2490 pr.
802 2437 944 2479 correctus
969 2429 1077 2480 duodus
1101 2430 1199 2493 habet,
1226 2440 1291 2482 aute

234 2509 308 2549 corr.
326 2497 445 2549 habebat
463 2497 590 2562 ducier,
608 2499 641 2546 A.
662 2497 756 2548 liamb.
775 2498 828 2548 tiu.
847 2497 927 2550 vind.
946 2498 1062 2550 ABclil.
1105 2498 1204 2562 itaque
1226 2499 1290 2564 quin

251 2664 376 2727 capdss.
395 2664 451 2725 §.1
471 2665 513 2724 ut]
538 2661 581 2715 ct.
600 2665 663 2719 adn.
682 2678 723 2717 cr.
767 2665 795 2716 in
813 2667 876 2717 adn.
896 2669 931 2718 ad
946 2666 1005 2719 (liv.
1022 2673 1056 2735 2,
1075 2670 1108 2717 19
1126 2668 1169 2730 (s,
1184 2666 1218 2729 5)
1236 2681 1291 2734 quo

197 2736 233 2786 ad
249 2738 284 2800 2,
305 2736 339 2784 23
357 2733 385 2796 S.
404 2734 430 2785 1.
767 2735 848 2786 simul
878 2738 1017 2800 respicere
1052 2739 1182 2788 lectorem
1213 2738 1291 2790 iubeo

762 2804 851 2868 ‚Oud.,
878 2806 923 2854 ubi
949 2809 1074 2856 cohortes
1095 2808 1230 2869 quaedam
1256 2808 1291 2860 tn

249 2873 303 2935 §.2
321 2869 509 2935 inpedimentis
525 2869 554 2921 in
572 2872 721 2933 proximum
764 2885 864 2925 urcem
881 2875 972 2937 oppidi
989 2876 1129 2926 cuiusdam
1153 2876 1291 2929 deductae

197 2942 296 2994 coliem
310 2941 447 3000 deductis]
467 2942 509 2989 lix
523 2941 627 2992 duabus
642 2942 721 2993 verbi
764 2953 965 3011 memorantur,
983 2945 1104 3008 dubitat,
1126 2956 1162 2994 an
1179 2945 1216 2995 ini
1236 2958 1289 3007 pe-

195 3010 452 3075 significationibus,
466 3009 719 3074 interquasoptio-
764 3013 832 3062 riter
857 3020 939 3075 atque
964 3017 988 3064 n.
1011 3015 1028 3062 i.
1054 3014 1199 3065 deducere
1219 3015 1289 3066 ninii

195 3092 259 3132 nem
279 3082 325 3131 dat
344 3080 412 3131 ond.
441 3078 570 3130 dedoctis
598 3082 633 3131 ab
658 3083 719 3131 inco
763 3081 915 3141 asimplici
933 3081 1040 3134 ducere
1060 3083 1182 3145 differat,
1214 3096 1288 3147 quae

196 3148 339 3213 superiora
365 3157 412 3199 aut
437 3150 563 3198 abductis
582 3148 609 3198 in
633 3158 718 3201 tutum
761 3149 950 3212 interpretatio
965 3153 1148 3203 etiamminus
1161 3160 1287 3214 estpro-

195 3218 402 3282 inteliigendnm
419 3230 482 3267 esse
495 3217 599 3282 dicens,
619 3221 718 3286 altere,
761 3220 868 3269 babilis.
895 3220 996 3272 contra
1014 3231 1063 3286 ea,
1082 3234 1151 3285 quae
1169 3232 1187 3270 a
1204 3220 1287 3274 notis

185 3288 304 3338 ⁸etiarnsi
330 3287 410 3339 collis
442 3286 491 3336 iiie
515 3289 603 3336 minus
629 3289 718 3338 editus
760 3287 789 3338 in
806 3291 867 3338 adn.
886 3300 926 3338 cr.
944 3291 978 3340 ed
995 3287 1029 3350 4,
1048 3293 1083 3339 22
1101 3288 1126 3349 S.
1145 3293 1163 3340 6
1181 3302 1285 3354 propo-

192 3366 279 3424 esqct,
299 3368 379 3419 quarn
393 3356 517 3416 iocosis,
536 3357 605 3405 unde
620 3366 716 3420 agmen
761 3357 815 3406 sita
840 3358 901 3423 est,
933 3371 994 3410 eum
1021 3357 1082 3408 usui
1111 3359 1224 3426 linguae
1252 3369 1285 3410 ee

191 3427 441 3488 impedimentorum
460 3433 556 3486 petens
574 3437 634 3474 eom
653 3438 716 3487 pro·
760 3425 921 3490 analogice,
952 3431 986 3476 de
1011 3439 1065 3488 qua
1088 3441 1115 3476 r.
1145 3430 1182 3478 ad
1205 3429 1239 3492 d,
1264 3431 1284 3482 7

190 3497 269 3559 gredi
288 3495 444 3559 coepisset,
468 3502 573 3559 tamen,
600 3493 664 3556 quia
687 3495 716 3545 io
759 3493 785 3556 s.
804 3496 821 3542 6
839 3495 995 3559 adscripta,
1017 3505 1072 3547 turn
1089 3495 1130 3546 rei
1149 3496 1202 3558 ipsi
1219 3509 1282 3548 ma-

193 3565 290 3615 coiicm
304 3566 392 3627 ipsum
406 3563 715 3625 nisiascendendopcr-
757 3563 830 3613 xime
855 3568 1040 3616 consentanea
1064 3566 1181 3617 videtur.
1224 3566 1283 3616 lnr-

150 3653 156 3664 ,
192 3633 282 3683 veniri
297 3646 350 3684 non
364 3637 486 3697 poteret,
505 3633 605 3698 aliena,
624 3633 714 3684 altera
758 3633 913 3693 pedimenta
931 3635 1047 3685 enimet
1070 3635 1192 3698 legiones
1211 3635 1281 3686 duas

192 3711 283 3763 neque
301 3704 406 3755 omrtino
433 3711 510 3752 certa
528 3709 555 3750 et
577 3715 629 3752 usu
647 3712 713 3762 pra·
755 3700 808 3751 iiio.
827 3703 855 3753 in
878 3704 950 3753 colia
976 3706 1151 3766 pernoctasse
1175 3703 1281 3755 verisi-

190 3768 258 3818 nate
276 3780 364 3831 oeque
388 3773 423 3822 ad
441 3774 553 3822 duarum
578 3770 713 3831 legionum
755 3769 820 3820 mile
838 3776 899 3838 est,
924 3786 984 3822 cum
1001 3768 1108 3823 Caesar
1131 3785 1191 3823 curn
1217 3778 1280 3824 octo

190 3836 329 3900 praesidio
346 3839 502 3898 relictarum
518 3849 712 3890 commemora·
755 3838 906 3902 legionibus
923 3840 1056 3904 expeditis
1073 3843 1109 3891 ad
1128 3854 1278 3904 vesperum

175 3905 290 3975 ,tinum
308 3905 375 3955 satis
394 3911 456 3969 apte
473 3921 561 3971 neque
579 3907 623 3972 ei,
641 3909 711 3970 quod
753 3919 841 3969 nsque
859 3912 953 3961 hostes
971 3913 1081 3960 secutus
1099 3911 1187 3962 medio
1203 3911 1277 3962 iuter

190 3973 219 4025 in
227 3975 394 4038 prociarum
406 3979 500 4027 coliem
511 3979 626 4027 deducte
638 3981 709 4037 sunt,
754 3979 849 4030 collem
883 3983 911 4029 et
934 3980 1059 4041 oppidum
1089 3981 1150 4030 ioco
1182 3987 1277 4032 castre

190 4044 261 4108 qnod
276 4043 427 4100 celeritatis
440 4047 542 4106 magis,
561 4057 642 4108 qnam
657 4046 710 4095 ioci
753 4047 876 4097 iecisset.
901 4049 995 4110 Neque
1011 4049 1185 4116 aliteriiind,
1205 4051 1277 4112 qnod

189 4112 284 4167 muniti
302 4112 434 4163 rationem
451 4115 567 4165 habitam
580 4126 644 4164 esse
661 4116 709 4163 dc·
741 4115 813 4165 ‘cim
833 4119 865 4180 2,
886 4115 920 4168 ta
946 4117 1063 4185 legitur,
1088 4114 1277 4184 interpretan-

188 4186 332 4251 monstret,
349 4183 515 4236 conveniens
528 4186 648 4237 ridetur.
674 4186 710 4234 lio
751 4185 815 4239 turm
832 4187 884 4236 est.
