2700 4726
132 286 201 359 638
396 286 469 355 DE
496 285 676 354 cuuto
708 284 955 357 ucetico
1067 336 1073 363 t

90 486 250 546 inmnes
285 475 433 542 hostium
469 476 586 565 copias
616 475 730 542 deleri·
754 476 960 566 potuissent.
1016 474 1073 543 Dc
1109 475 1222 545 medin

134 572 233 630 nccts
256 565 381 631 missus
404 567 576 650 equitatus
600 565 818 630 novissimum
840 586 959 648 agmen
980 565 1222 652 consequitur:

135 673 276 737 magnus
302 672 460 718 numerus
484 653 620 740 capitur
649 661 750 738 utque
776 652 1000 717 interficitur:
1031 654 1158 739 reliqui
1182 675 1223 719 cx

134 742 215 824 fuge
241 741 275 805 in
302 740 457 806 civitates
487 737 676 805 discedunt.
738 741 795 807 89.
822 737 967 807 Pusicrc
997 737 1053 806 die
1074 739 1222 806 Vercin-

134 827 266 914 getorix
294 828 436 892 concilio
460 835 641 894 ncnvccatc
670 825 707 892 id
732 828 857 893 bellurn
880 849 917 894 se
939 828 1132 914 suscepisse
1156 849 1223 894 uon

134 936 271 982 suarum
302 916 565 994 necessitatum,
602 913 663 980 ssd
693 918 877 982 cummunis
908 915 1082 980 libertatis
1118 937 1224 983 ceusu

89 1002 365 1083 idemnnstrct,
402 1003 629 1090 etdquoniam
659 1001 707 1067 eit
741 1004 897 1068 fortunae
930 1002 1137 1083 cedendum,
1179 1002 1238 1069 cd*

135 1098 313 1177 utramque
335 1112 404 1155 reru
433 1102 471 1157 'se
493 1092 564 1155 illis
587 1088 729 1171 offerre,
759 1113 818 1155 sen
842 1099 950 1155 morte
972 1112 1033 1156 sua
1058 1090 1224 1159 Romanis

90 1180 335 1245 Sentisiacere
357 1200 418 1243 seu
442 1179 552 1244 vivum
577 1176 715 1243 trudere¹
735 1180 851 1245 velint.
895 1178 1081 1244 Mittuntur
1104 1177 1146 1244 de
1171 1180 1224 1245 his

135 1267 239 1333 rebus
262 1265 304 1331 ed
320 1263 499 1343 cessarem
522 1267 640 1350 legati.
683 1262 785 1330 Iubet
804 1287 897 1330 arma
920 1266 1029 1347 tradi,
1052 1266 1225 1356 principes

90 1353 286 1444 dprcduci.
338 1350 417 1441 lpse
448 1355 485 1420 in
511 1354 697 1419 munitione
726 1374 788 1442 prc
819 1354 943 1421 castris
972 1353 1145 1422 consedit:
1182 1375 1224 1420 ec

203 1563 269 1626 οη).
289 1561 332 1613 ec.
365 1560 392 1622 s.
410 1560 425 1609 ι
444 1556 710 1626 concinnemus
729 1561 834 1628 „uss
852 1558 876 1610 5.
896 1558 1050 1627 uuu.1›p.“
1085 1549 1223 1615 voss's.

168 1634 246 1696 ngm.
264 1634 347 1693 cong.
366 1627 424 1681 AC.
443 1632 500 1680 Pet.
516 1631 602 1682 conti.
622 1630 683 1679 Par.
703 1632 738 1679 A.
759 1633 828 1681 tier.
846 1633 880 1679 A.
898 1632 985 1680 flceu.
1003 1633 1049 1682 Dr.
1067 1633 1124 1683 AB.
1143 1633 1225 1685 Vnst.

168 1702 248 1754 Arc.
263 1702 358 1751 flami.
378 1699 461 1755 Vind.
475 1699 507 1748 F.
519 1701 578 1748 edd.
593 1700 796 1750 wissener.
818 1699 862 1752 Gi.
877 1702 939 1750 adn.
953 1713 994 1753 cr.
1008 1703 1044 1751 cd
1059 1704 1087 1766 2,
1105 1702 1142 1751 tc
1155 1701 1182 1763 S.
1197 1700 1224 1752 4.

139 1816 142 1821 .
203 1768 244 1835 id]
262 1773 293 1823 et
312 1771 383 1820 fluv.
396 1770 430 1820 A.
448 1768 529 1818 vind.
544 1773 580 1819 A.
597 1778 648 1830 quc
665 1769 778 1827 probato
796 1770 825 1820 et
839 1782 870 1820 se
881 1769 946 1827 ¹iilis
963 1769 1073 1836 efferre
1089 1770 1147 1832 §.2
1165 1770 1225 1821 sine

167 1839 260 1902 eiiipsi
276 1839 367 1902 dictu,
384 1839 432 1886 sed
444 1849 498 1887 nec
511 1845 574 1901 epte
587 1838 723 1889 collocuta
736 1851 787 1891 uec
801 1851 852 1906 ee,
870 1850 951 1902 quem
963 1842 1081 1907 necent,
1099 1841 1129 1890 vi
1143 1852 1225 1905 prac-

169 1909 227 1961 ditu
243 1907 404 1967 reddideris.

204 1978 305 2028 bellum
322 1981 367 2038 se]
393 1976 479 2027 Vens.
506 1976 540 2024 A.
564 1975 642 2039 Egm.
664 1977 739 2027 dett.
758 1977 849 2037 ,Febr
874 1980 959 2044 Bcng.
983 1981 1019 2030 A.
1045 1979 1087 2030 ΡΙ.
1107 1978 1171 2030 Per.
1189 1984 1224 2031 A.

169 2046 258 2099 naeu.
273 2046 337 2101 .Dr.
365 2044 408 2103 A.
429 2044 508 2096 Vrct.
535 2045 591 2094 AB.
621 2045 673 2096 flu.
703 2044 785 2104 Vind.
812 2049 888 2099 BER.
915 2050 1011 2101 Hunc.
1040 2052 1069 2099 et
1100 2058 1120 2098 e
1141 2063 1179 2101 ιιι.
1202 2064 1226 2099 s.

169 2117 249 2170 (ictu.
269 2116 303 2167 A.
320 2117 389 2166 ven.
408 2115 429 2165 i.
446 2112 470 2163 b.
496 2127 555 2167 eece
578 2126 610 2165 se
629 2115 710 2169 vind.
729 2118 752 2167 1.
771 2118 795 2168 t.
818 2119 866 2169 Dr.
886 2118 916 2168 B.
937 2126 967 2169 et
991 2130 1010 2168 e
1026 2132 1064 2170 ιιι.
1082 2130 1124 2180 pr.
1145 2119 1226 2173 Geth.

168 2190 206 2241 A.
225 2197 257 2237 se
273 2186 353 2238 Vrec.
371 2182 402 2235 c.
420 2184 502 2234 Geth.
520 2184 550 2243 Β.
587 2184 620 2235 ln
636 2185 705 2245 lieu.
725 2190 759 2237 A.
779 2187 863 2243 vind.
876 2190 911 2240 A.
930 2201 960 2240 se
980 2191 1040 2248 pest
1058 2189 1227 2252 suscepisse,

168 2254 198 2307 in
215 2255 275 2305 edd.
292 2255 404 2318 praeter
420 2256 492 2304 ven.
510 2254 532 2303 i.
555 2253 678 2304 omnibns
706 2265 771 2307 ente
797 2256 901 2309 tatum
923 2256 1040 2320 pesitum
1059 2260 1122 2317 ,est
1156 2258 1226 2310 ond.

170 2326 255 2375 tecet.
289 2322 335 2374 Gt.
352 2324 415 2376 edu.
432 2334 472 2372 er.
489 2323 525 2373 cd
542 2336 568 2376 c.
585 2322 620 2375 87
638 2322 665 2383 S.
682 2320 708 2372 t

205 2392 362 2453 messuisse
385 2388 454 2456 nen]
478 2404 508 2440 c.
528 2404 553 2443 s.
573 2392 654 2442 Geth.
673 2395 708 2441 A.
734 2406 805 2444 em.
822 2406 865 2455 pr.
881 2393 952 2443 ven.
969 2393 991 2442 t.
1009 2407 1034 2446 s.
1050 2393 1110 2449 nisi
1126 2397 1174 2447 Dr.
1193 2402 1226 2450 A.

170 2462 253 2513 vind.
275 2461 305 2510 B.
330 2460 545 2524 susscepiesent
566 2468 630 2511 ente
654 2472 726 2510 eurr.
750 2463 833 2514 Vcee.
857 2465 893 2512 A.
916 2462 998 2513 Febr.
1021 2476 1046 2517 s.
1070 2475 1098 2518 a.
1121 2476 1160 2517 m.
1185 2482 1227 2531 pr.

168 2532 232 2583 Per.
250 2531 284 2579 A.

202 2592 410 2661 necessitatum]
435 2592 653 2647 necessitatium
675 2597 761 2650 voss.
784 2601 820 2652 A.
838 2596 903 2650 Per.
922 2600 956 2649 A.
983 2610 1053 2662 ques
1076 2603 1230 2657 enctcrites

171 2664 303 2717 euincere
320 2665 385 2713 vise
402 2667 447 2715 eet
464 2665 640 2727 Nipperdeic.
670 2666 714 2717 Gi.
732 2668 794 2717 adn.
813 2680 853 2717 er.
872 2671 907 2719 ed
923 2664 958 2735 A,
974 2671 992 2718 3
1008 2670 1035 2731 s.
1054 2673 1082 2721 t.

121 2764 125 2777 ·
204 2736 232 2799 s.
251 2737 268 2785 2
287 2729 400 2799 offerre]
419 2730 507 2800 offert
526 2735 586 2787 Pet.
604 2734 691 2790 (icud.
710 2737 791 2788 Geth.
809 2740 844 2790 A.
863 2738 1227 2806 liemb.ct1'ert‚vind.F.

134 2918 277 2987 ruissent,
303 2920 360 2975 inm
384 2921 573 2984 conspicatum
596 2933 661 2970 esse
704 2921 838 2974 obiectum
863 2928 959 2976 estse
977 2926 1154 2997 suscepisse,
1180 2935 1232 2985 sed

135 3006 161 3044 c.
184 2990 220 3042 83
243 2988 271 3051 S.
289 2989 319 3041 8·
333 2999 361 3041 ec
384 3004 409 3043 c.
432 2988 469 3044 st
491 2990 519 3051 8.
545 2994 560 3041 1
585 2993 662 3042 ciere
704 3004 739 3040 ex
761 2991 858 3043 similis
882 2994 998 3045 untionis
1026 2999 1135 3048 untione
1165 3000 1230 3053 inde

135 3064 347 3114 demonstratum
370 3070 458 3123 neque
479 3064 561 3113 utinm
586 3060 661 3112 eliud
705 3064 856 3125 supplenda
864 3065 982 3125 pendere
995 3074 1023 3114 et
1031 3068 1150 3121 ettcrnrn
1162 3084 1230 3123 ver-

134 3141 243 3194 pugnae
264 3130 497 3181 antemeridianae
523 3132 571 3179 eut
596 3129 660 3194 loci,
704 3131 764 3181 bum
782 3131 889 3182 dicendi
906 3133 1036 3185 omissum
1056 3149 1121 3188 esse
1134 3141 1230 3192 videe-

135 3200 181 3249 uci
199 3211 258 3249 ectu
276 3198 446 3249 commissum
468 3206 564 3265 putes,
589 3198 661 3249 indi·
704 3208 756 3255 tur.
782 3199 826 3252 ci.
843 3204 904 3252 adn.
919 3204 955 3252 ed
968 3206 1000 3269 6,
1013 3203 1047 3254 42
1066 3204 1092 3266 S.
1108 3212 1136 3259 1.
1161 3212 1231 3262 ltern

135 3267 488 3320 cinmeceeeeretectum
503 3269 556 3316 est.
582 3269 660 3317 tinne
703 3268 833 3321 eruissem
862 3283 894 3323 se
923 3273 1073 3325 subtectum
1109 3287 1138 3327 en
1169 3282 1232 3348 nnc,

73 3336 77 3345 ’
134 3336 219 3401 igitur
236 3335 329 3387 tutius
346 3336 406 3388 diei
423 3337 551 3388 laterem
568 3336 659 3399 dupli·
701 3340 879 3406 quudedest,
897 3353 946 3403 pre
960 3343 1231 3401 obiectchebendnn

135 3419 197 3459 een
209 3405 299 3469 potius
313 3405 431 3467 dixisse,
449 3418 468 3456 e
481 3418 559 3457 mene
572 3416 659 3470 nsque
701 3417 762 3473 est,
780 3417 810 3460 nt
826 3413 861 3474 2,
879 3413 897 3460 3
914 3410 942 3472 S.
960 3415 986 3462 2.

135 3478 170 3528 ed
182 3474 321 3526 meridiem
338 3475 440 3527 milites
453 3474 482 3525 in
497 3472 580 3547 opere
593 3489 659 3526 ver·
753 3479 884 3530 conaus
903 3480 1079 3551 satisfacere]
1105 3483 1150 3536 cf.
1166 3487 1230 3540 edu.

135 3550 214 3597 setes
244 3548 273 3595 et
302 3541 494 3597 munitionibus
525 3545 660 3597 iaciendis
703 3547 737 3598 nd
756 3550 788 3613 1,
805 3546 838 3597 41
858 3547 885 3608 S.
902 3553 928 3600 2.

135 3613 342 3677 reficiendisque
378 3614 514 3665 exercitus
553 3614 661 3678 strnifl·
753 3614 813 3678 §.A
830 3618 857 3667 in
868 3619 1029 3681 munitione]
1047 3622 1161 3693 Nescio,
1176 3636 1231 3691 que

73 3744 75 3749 ¹
136 3693 219 3733 cesse
232 3685 340 3757 credes.
359 3682 403 3734 ct.
417 3684 484 3736 c.77
498 3683 593 3744 §.tet
606 3685 649 3734 10.
703 3686 809 3738 reticne
833 3688 947 3738 Heluius
974 3691 1171 3754 interpretetus
1193 3692 1231 3747 sit

188 3751 255 3815 cep.
272 3753 318 3804 89.
335 3750 392 3813 §.1
409 3764 520 3804 suerum
536 3753 662 3804 necessi·
702 3756 735 3805 iu
758 3757 823 3808 dem
845 3758 968 3810 inneren
993 3761 1108 3816 iteume
1131 3765 1230 3817 saner

136 3819 236 3886 mum]
254 3822 315 3873 sive
332 3821 417 3875 uilius
433 3822 474 3873 rei
491 3822 543 3873 sibi
562 3836 661 3874 necee-
705 3827 1017 3896 Beiuqerunqswerke,
1044 3836 1228 3887 curceium

137 3890 245 3957 serice,
262 3904 342 3954 quum
355 3892 430 3943 teliu
445 3890 594 3957 inponere
611 3904 662 3943 vc·
705 3895 812 3962 Luper.
846 3897 971 3951 Munitis
992 3899 1061 3952 nihil
1082 3905 1159 3956 eliud
1176 3903 1232 3956 nisi

137 3958 230 4012 luerit.
705 3967 811 4017 ruitum
828 3970 979 4021 castrorum
1003 3970 1159 4042 significet,
1181 3986 1230 4025 ce-

190 4028 246 4091 §.2
264 4041 294 4078 se
311 4027 369 4079 iliis
385 4028 497 4096 offerre]
514 4032 663 4083 fleeceuu
706 4037 766 4085 stre
784 4046 851 4087 vern
866 4035 952 4100 ipsine
971 4037 1101 4093 caeseris
1124 4054 1179 4096 nne
1197 4057 1231 4094 ex

137 4097 228 4150 lucum
252 4101 364 4163 teuent,
387 4103 419 4149 ut
438 4099 589 4151 infinitivus
609 4115 663 4153 nen
707 4103 830 4166 pluribus
854 4117 879 4156 c.
895 4109 932 4157 ce
954 4108 981 4169 S.
999 4110 1017 4163 7
1037 4113 1231 4167 demonstratis
1251 4168 1253 4172 ³

138 4178 175 4219 οι
191 4166 252 4232 ipsc
268 4167 353 4220 verne
369 4167 566 4237 devenustent,
585 4172 664 4225 cuins
707 4173 883 4241 intelligente
901 4186 973 4231 sunt.

22 4298 160 4432 ms
183 4422 190 4431 ,,
