2700 4726
196 318 265 392 tit
458 319 530 389 DE
553 316 740 389 ΜΗΘ
767 316 1026 394 Gannico

155 509 178 576 4
199 510 359 603 positum,
381 515 421 576 nt
443 512 546 600 paulo
566 517 643 578 onte
663 510 704 577 de
725 509 863 578 Lutetia
886 510 1042 582 diximus.
1086 509 1289 602 Deprehen-

198 601 248 668 sie
269 599 409 666 navibus
433 600 570 666 circiter
588 601 831 687 quinquaginta
851 602 1075 688 celeriterque
1095 603 1288 669 coniunctis

197 697 299 774 etque
336 709 375 752 eo
411 687 577 753 militibus
609 687 742 777 inieefis
771 695 807 752 et
835 687 886 753 rei
915 690 1063 756 novitate
1092 693 1288 775 perterritis

198 775 393 864 oppidanis,
415 797 557 861 qrrorum
583 797 699 860 magne
723 783 899 862 parserat
924 777 964 840 ud
987 777 1112 851 beilum
1137 787 1289 858 evocata,

156 866 272 938 deine
294 865 506 929 contentione
529 864 652 952 oppido
679 866 821 949 potitur.
864 861 1004 930 Refecto
1027 873 1148 951 ponte,
1187 888 1289 953 quem

198 951 433 1039 superioribus
466 951 583 1016 diebus
610 951 725 1016 hostes
754 950 972 1031 resciderunt,
1004 953 1187 1019 exereitum
1217 963 1292 1020 tru-

198 1040 292 1108 dueit
314 1046 349 1107 et
370 1040 515 1105 secundo
534 1040 671 1105 flumine
692 1039 733 1104 ed
750 1037 922 1105 Lutetiam
945 1040 1011 1106 iter
1031 1040 1143 1108 iecere
1162 1044 1291 1131 eoepit.

267 1242 295 1312 §.
314 1249 331 1296 ³
350 1247 383 1295 sie
400 1242 522 1312 Lutetia]
539 1246 687 1298 Lutetiam
705 1241 775 1296 And.
791 1247 843 1298 ox.
861 1249 923 1297 nid.
939 1250 967 1298 et
984 1261 1042 1313 sqq.
1061 1247 1183 1310 exceptis
1202 1248 1289 1301 Vaec.

231 1319 271 1369 Ιι.
290 1315 338 1366 or.
357 1317 383 1364 n.
400 1311 516 1377 (orsio.)
535 1317 631 1379 inquo
648 1319 761 1378 praeter
777 1318 902 1368 codicum
919 1319 1111 1370 anctoritatem
1128 1318 1195 1369 ninii
1213 1318 1292 1370 desi·

230 1386 377 1439 derandum
394 1385 509 1434 videtur.

265 1455 291 1516 ς.
309 1452 329 1503 4
345 1450 541 1518 Reprehensis]
558 1453 707 1514 deprensis
721 1453 805 1504 Voss.
818 1452 874 1505 Ac.
888 1455 971 1516 Egon.
990 1454 1063 1508 Gott.
1078 1456 1140 1506 Pur.
1154 1458 1188 1510 Α.
1209 1458 1291 1515 Vrec.

232 1527 286 1576 AB.
302 1525 353 1574 Gn.
371 1523 427 1572 inc.
444 1532 472 1572 et
489 1535 546 1572 sec.
559 1522 626 1572 Oud.
642 1523 725 1584 Boug.
740 1525 773 1576 A.
788 1524 822 1572 de
834 1534 885 1583 usne
901 1525 941 1573 Pi.
957 1533 1038 1575 tecet.
1074 1524 1117 1581 ct.
1132 1524 1159 1590 5,
1177 1525 1211 1576 45
1226 1528 1253 1589 s.
1264 1528 1290 1576 1.

232 1594 268 1647 58
284 1592 312 1653 S.
332 1594 356 1642 5.
375 1594 403 1658 7,
425 1591 458 1642 52
478 1593 505 1654 §.
523 1593 549 1640 2.
568 1593 712 1651 depressis
730 1592 781 1642 Ox.
802 1593 1042 1654 (depromentes.
1061 1605 1087 1645 a.
1108 1595 1177 1644 Ven.
1198 1597 1291 1655 bede.)

266 1661 389 1721 iniectis]
424 1659 554 1712 incientis
580 1661 656 1710 Leid.
678 1660 708 1711 c.
732 1662 855 1712 invectis
880 1662 915 1710 V.
943 1663 973 1712 c.
998 1663 1066 1713 Vre
1097 1667 1152 1729 „nt
1166 1665 1291 1715 fortusse

203 1732 364 1793 ,trassero
381 1732 523 1791 legendnm
544 1727 601 1778 sit“
618 1726 685 1780 Vns.
704 1730 764 1780 Not.
782 1730 926 1789 irrueritis
944 1734 1014 1783 And.
1030 1732 1083 1782 0¹.
1097 1731 1148 1782 Cu.
1163 1736 1193 1791 S,
1210 1735 1290 1784 Leid.

230 1800 264 1852 Α.
284 1802 354 1853 iiev.
370 1802 403 1850 A.
421 1800 506 1849 vind.
526 1800 560 1846 A.
584 1799 642 1848 eid.
664 1813 723 1861 sqq.
761 1798 793 1848 ln
813 1800 908 1849 iiamb.
934 1814 1003 1852 em.
1022 1814 1078 1850 sec.
1096 1804 1134 1852 ut
1152 1814 1187 1853 re
1205 1816 1291 1866 super

229 1871 260 1921 ic
280 1869 410 1929 seriptum
429 1876 480 1917 est.
518 1869 663 1928 indueritis
682 1869 820 1935 usitatius,
839 1871 888 1919 sed
905 1869 974 1920 idem
992 1870 1109 1921 ieiunius
1124 1877 1176 1926 est.
1211 1873 1293 1925 lerie-

130 1985 140 2000 ,
231 1940 288 1993 ctis
308 1939 441 2000 protrahet
460 1935 686 1999 Lindeubrogins.
770 1948 777 1963 ¹

189 2038 191 2043 «
265 2017 325 2058 erut
342 2008 378 2057 ed
396 2005 508 2073 beilum]
538 2007 576 2056 ad
593 2004 616 2056 t.
637 2017 680 2056 er.
701 2004 752 2055 (in.
771 2003 849 2054 neid.
869 2007 902 2055 Α.
925 2007 983 2056 Pet·
1004 2008 1075 2059 flav.
1096 2011 1129 2058 Α.
1150 2006 1234 2058 Viod.
1254 2011 1289 2059 A.

203 2067 207 2085 ⁸
231 2079 299 2131 ond.
318 2081 426 2126 tecente
446 2077 484 2125 Pl.
521 2070 552 2124 Id
570 2087 619 2123 cur
637 2075 705 2123 ond.
726 2075 901 2138 praetulerit,
920 2075 1029 2128 nescio:
1048 2077 1114 2127 mini
1130 2077 1170 2128 od
1186 2078 1290 2131 bettone

229 2149 353 2202 evocato
375 2145 528 2195 rectissime
547 2143 674 2208 coniungi
693 2142 829 2196 videntur.
1293 2194 1298 2207 ι

236 2256 239 2261 .
263 2216 291 2277 s.
316 2216 332 2265 5
361 2216 480 2265 secundo
506 2214 627 2272 dominc]
659 2215 816 2264 secuudum
838 2212 945 2279 fiumen
970 2215 1291 2273 nosocomorum

228 2282 434 2348 §.1Devisiu

228 2469 256 2531 s.
275 2468 293 2518 4
310 2464 477 2534 coniunctis]
495 2467 537 2516 ci.
555 2465 620 2516 adn.
636 2466 672 2518 ed
692 2464 720 2532 4,
763 2464 913 2534 Labienus,
931 2465 1074 2529 pertinens
1090 2470 1125 2521 ab
1142 2468 1293 2533 oppidanis

194 2538 229 2590 1⁷
252 2538 279 2599 S.
298 2541 324 2588 9.
361 2539 475 2587 Scilicet
494 2536 632 2600 diversis,
665 2536 720 2586 etsi
762 2539 903 2586 rescissus
928 2538 1086 2602 abscisos
1111 2552 1163 2600 per
1185 2541 1291 2594 milites

192 2606 268 2659 torte
283 2606 720 2657 nonmuitumdisranticneiuter
762 2605 791 2655 in
816 2617 905 2656 naves
930 2606 1048 2659 iniectos
1073 2609 1174 2672 oppido
1199 2613 1292 2674 potito

192 2690 226 2730 ss
241 2677 313 2727 locis
332 2679 521 2738 deprehensae
540 2677 630 2724 erent.
760 2676 885 2726 reiectus
903 2677 1022 2729 videtur.

243 2747 287 2797 rei
306 2748 446 2805 novitate]
473 2745 527 2794 Vel
545 2746 616 2808 quod
635 2743 718 2804 pauiu
815 2747 937 2810 secundo
952 2747 1074 2806 domine]
1088 2747 1139 2815 ito,
1151 2751 1293 2804 utnumen

191 2817 259 2869 ante
290 2817 412 2866 secundo
442 2814 553 2864 tiumine
577 2815 717 2864 Romanos
761 2815 876 2867 eerrdem
903 2829 996 2867 seeum
1022 2817 1162 2881 regionem
1190 2825 1291 2882 petens

192 2887 229 2937 ad
253 2886 471 2948 septentrionem
499 2895 600 2931 versus
630 2881 718 2944 profl-
761 2884 861 2946 suique
878 2884 988 2935 itineris
1001 2887 1081 2949 qussi
1095 2888 1221 2939 comitem
1237 2893 1291 2942 ire·

192 2955 263 3008 eieci
274 2959 302 3005 et
316 2968 347 3004 se
360 2953 718 3015 enumqueuppidumnrae-
761 2953 848 3003 beret.
885 2957 962 3016 Quod
977 2956 1067 3018 ipsum
1085 2957 1223 3008 terrestre
1242 2961 1291 3010 iu·

191 3025 280 3078 tenire
300 3023 456 3089 vidissent,
485 3023 550 3086 vel,
579 3023 604 3071 si
624 3024 718 3083 olores
759 3021 819 3072 isse
850 3027 1065 3079 consentaneum
1096 3034 1147 3076 est.
1196 3028 1292 3081 Aliter

188 3096 412 3148 intercesserant
430 3093 499 3153 dies,
517 3092 588 3153 quod
605 3091 642 3141 ad
659 3092 718 3140 Lu·
761 3092 915 3143 Petrurcna
942 3092 991 3158 18,
1022 3093 1071 3145 25:
1103 3096 1174 3148 lude
1196 3110 1291 3158 super

191 3167 289 3217 tetiam
312 3165 413 3215 bellum
438 3174 500 3212 eum
520 3162 561 3210 eis
580 3160 640 3226 geri
657 3160 719 3210 exi·
762 3173 874 3213 omnem
915 3164 1029 3228 refecto
1066 3167 1154 3226 ponte
1190 3169 1292 3230 coptus

191 3235 346 3288 stimerent.
397 3233 467 3282 Nem
496 3232 580 3281 noctu
609 3230 645 3280 ad
669 3241 719 3280 ecs
762 3232 915 3298 transfert
943 3234 1031 3296 utque
1055 3233 1112 3284 dede
1137 3236 1292 3291 terrestre

190 3307 306 3354 venisse
334 3303 474 3354 Labienus
507 3312 563 3351 non
597 3300 718 3361 videtur,
761 3299 820 3351 tter
842 3300 991 3366 ruentibus
1009 3303 1071 3366 ipse
1087 3306 1212 3357 seeundo
1230 3309 1292 3371 liu-

191 3374 301 3427 umnino
328 3376 418 3423 eutem
444 3370 480 3421 ad
505 3383 536 3420 se
561 3367 654 3420 veniri
670 3371 720 3418 aut
762 3368 846 3420 minis
876 3373 959 3422 alveo
989 3371 1140 3424 nuceriam
1165 3377 1289 3439 repetit.

188 3444 309 3496 navibus
326 3456 357 3492 se
375 3440 432 3504 neti
449 3450 555 3491 novum·
564 3442 592 3495 et
605 3441 719 3501 praeter
761 3439 808 3489 Sic
823 3451 891 3490 eane
903 3453 993 3492 naues
1006 3455 1028 3491 c.
1042 3441 1078 3491 60
1090 3442 1117 3501 S.
1132 3443 1147 3492 1
1161 3447 1291 3498 seeundo

191 3512 425 3575 exspectationem
437 3509 565 3560 accidere
573 3520 628 3558 non
638 3510 717 3570 pote·
759 3511 875 3575 {iumine
895 3510 1037 3576 proeredi
1059 3512 1205 3577 dicuntur-3
1238 3518 1291 3568 sed

190 3586 237 3633 rot
251 3583 297 3646 iis,
317 3583 363 3644 qni
377 3581 410 3632 ad
424 3582 524 3631 beilum
539 3579 633 3628 essent
647 3589 717 3628 eve·
761 3581 813 3628 hoc
836 3579 870 3627 de
888 3581 1010 3631 Labieno
1028 3581 1131 3631 dictum
1151 3583 1192 3633 ite
1209 3585 1309 3646 accir

116 3662 118 3670 ’
192 3652 248 3702 ceti
264 3655 429 3712 pontemque
445 3648 637 3700 rescidisscnt.
672 3645 715 3697 ci.
759 3648 896 3714 piendum,
915 3651 946 3698 ut
959 3650 1027 3700 iilud
1044 3663 1069 3700 c.
1083 3653 1117 3701 61
1132 3647 1206 3717 §.³:
1224 3667 1292 3706 mo-

191 3723 226 3786 6,
244 3713 278 3769 39
298 3718 324 3779 S.
345 3724 378 3770 3:
397 3719 489 3770 Nemo
507 3721 551 3770 est
572 3720 631 3768 tom
650 3717 717 3782 tor·
758 3730 846 3784 unum
858 3719 1016 3784 irecymen
1029 3721 1291 3784 adcereoltumtce.

191 3790 246 3852 tte,
277 3788 346 3853 quin
370 3789 416 3840 ret
438 3788 569 3840 nouitate
592 3789 717 3850 persor·
758 3787 854 3849 Neque
878 3789 988 3840 omuino
1005 3802 1101 3839 verum
1119 3793 1179 3855 est,
1213 3795 1291 3855 quod

191 3858 286 3911 soter.
748 3858 948 3908 diotonannue
963 3860 1051 3924 putet,
1068 3859 1179 3920 plenius
1196 3862 1291 3914 tuisse

242 3924 554 3987 §.succussionem
580 3923 716 3975 metisse·
758 3928 914 3977 seeundum
930 3928 1045 3991 flumen·
1081 3930 1126 3979 lte
1145 3928 1217 3980 enim
1232 3931 1292 3984 iter

191 3996 255 4047 dum
271 3994 355 4058 item,
378 3997 410 4044 ut
426 3995 580 4059 Lutetiam,
598 3995 651 4044 duo
670 3995 717 4043 vel
757 3996 854 4046 iacere
874 3997 975 4046 dicitur
996 3992 1095 4060 imni
1114 3999 1291 4061 insenumeu

191 4065 287 4129 piures
306 4065 405 4127 nentes
419 4064 548 4115 notuisse
561 4065 716 4115 verisimile
759 4064 821 4115 sive
835 4069 983 4117 secuudum
997 4068 1059 4117 sive
1072 4064 1224 4121 edv'srsum
1239 4085 1291 4122 se·

174 4139 252 4199 est,
283 4135 333 4185 sed
362 4145 434 4184 unus
461 4135 647 4185 tantummodo
680 4133 717 4184 ed
759 4136 854 4198 quitur
871 4138 900 4185 et
916 4139 951 4187 ab
965 4148 1065 4188 eonon
1078 4138 1205 4195 discedit.
1243 4138 1290 4194 ci.

192 4215 253 4259 eem
269 4203 360 4271 niuem
377 4213 432 4271 qua
449 4202 523 4265 ieret
539 4202 717 4268 redieratque
759 4217 786 4257 c.
809 4204 846 4258 ιι
867 4203 895 4268 8.
913 4208 945 4258 ιε
976 4218 1031 4261 sec
1049 4203 1209 4276 (legiones)
1224 4209 1292 4276 does
