2700 4726
260 295 329 365 alt
523 289 595 359 DE
621 288 808 358 BELLO
838 288 1090 365 (intuitio

259 481 418 549 Lutetiae
449 487 563 546 eontra
589 480 732 546 Labieni
768 487 881 546 eastra
909 480 1101 551 eonsidunt.
1166 482 1228 551 59.
1279 480 1344 551 loru

260 562 389 638 Caesar
411 592 428 634 a
448 568 612 653 Gergovia
634 569 834 634 discessisse
860 568 1082 651 nurliebaturp
1103 567 1173 633 iarn
1196 570 1242 635 de
1259 568 1344 639 Haa-

261 655 405 724 duorum
428 655 615 723 deiectione
634 664 670 723 ot
692 656 837 723 seeundo
853 655 986 723 Galliae
1010 666 1104 723 motu
1118 678 1280 725 rumores
1294 660 1345 727 ati-

293 876 377 927 supre
394 867 602 916 commemorota
619 861 673 929 sit,
697 863 785 917 inisse
803 864 891 917 videri
910 873 1015 927 potest,
1040 866 1087 915 sed
1105 864 1161 915 init
1179 865 1253 917 hand
1274 868 1346 917 deiris

292 936 321 984 in
345 947 396 999 ea,
426 948 488 997 qua
504 936 616 996 primum
641 934 730 984 iuerat
756 936 900 985 Labienum.
943 934 1070 985 Littetiae
1093 944 1188 985 autem
1205 938 1346 999 oppidein

291 1005 386 1054 imola
398 1007 540 1065 Sequanae
558 1006 645 1065 posito
663 1008 778 1063 utroque
798 1006 915 1054 dominis
933 1007 991 1064 ripa
1008 1004 1111 1066 pariter
1123 1010 1189 1055 erat
1202 1008 1345 1058 contrarie.

291 1106 311 1136 „
320 1072 417 1122 Vtrum
435 1074 519 1136 igitur
535 1085 631 1121 verum
648 1084 700 1134 est,
721 1073 748 1123 id
766 1078 882 1134 constat,
902 1077 1004 1137 tiones,
1025 1087 1085 1122 eum
1100 1086 1116 1123 a
1132 1075 1249 1127 hutetie
1260 1078 1288 1126 iu
1300 1078 1345 1127 ed·

288 1154 401 1191 versam
420 1143 505 1203 ripam
524 1143 681 1206 transirent,
699 1154 717 1192 a
737 1146 833 1200 palude
854 1156 906 1192 non
926 1156 987 1191 esse
1007 1145 1156 1202 profectos.
1192 1144 1265 1195 sive
1281 1146 1346 1197 enin

289 1213 370 1271 palus
396 1211 424 1261 in
450 1214 572 1261 adversa
596 1212 658 1267 ripa
681 1214 760 1276 erat,
791 1215 824 1261 ed
843 1214 967 1272 paludem
986 1212 1075 1270 potins
1094 1212 1346 1279 pireneiseeonntm,

288 1280 398 1329 sivein
418 1291 548 1343 utraque,
566 1293 583 1330 a
602 1282 700 1342 petride
719 1294 770 1329 non
790 1280 994 1331 discedeiiotrt.“
1030 1282 1131 1331 iio-tes
1154 1282 1184 1332 in
1200 1284 1345 1335 adversere

288 1348 378 1411 ripam
390 1352 524 1400 transisse
545 1362 674 1411 nusquam
693 1351 827 1407 dicamur,
846 1351 895 1399 sed
909 1360 1008 1399 contra
1021 1353 1173 1412 Romanor,
1191 1354 1242 1415 qui
1256 1356 1345 1405 treus·

254 1437 259 1446 ·
287 1418 395 1486 ierant,
427 1422 460 1468 ad
489 1419 563 1478 ripas
582 1422 726 1480 seqrrunae
750 1421 895 1479 crepione
914 1420 1038 1469 Lutetiae
1055 1422 1230 1471 eorrsedisee.
1266 1424 1344 1483 one·

287 1488 378 1538 locum
396 1488 497 1545 pariter
516 1498 692 1551 arquatum,
724 1488 750 1537 in
769 1502 820 1551 quo
838 1493 932 1549 pmtea
951 1489 1079 1551 proelium
1098 1490 1279 1541 commissum
1295 1502 1344 1552 est.

286 1556 317 1606 in
335 1559 429 1606 eedem
447 1557 563 1606 dominiis
583 1562 758 1619 portentque
778 1560 899 1615 petridem
919 1559 1007 1607 iniisse
1025 1560 1118 1618 liquet.
1157 1560 1266 1609 iterum
1279 1564 1343 1611 enin

286 1629 439 1687 Sequanam
457 1628 626 1685 transgressi
645 1627 758 1675 Romani
777 1637 805 1674 et
821 1629 933 1676 eandem
954 1629 980 1676 in
1000 1634 1113 1689 praetem,
1132 1641 1219 1691 quiam
1239 1640 1343 1693 propter

285 1697 413 1756 paludem
432 1709 491 1745 ctam
511 1698 599 1744 attera
618 1700 866 1751 commmnverant.
886 1698 992 1745 reversi
1011 1698 1111 1746 obvios
1130 1698 1230 1747 nostes
1250 1700 1343 1749 naboe·

284 1769 360 1815 runt.
396 1764 430 1813 V.
449 1778 474 1815 c.
496 1766 529 1813 62
549 1767 575 1834 §.
596 1766 619 1813 l.
656 1765 712 1811 iios
735 1765 817 1823 ipinn
839 1768 1017 1825 Nipperdeme
1034 1774 1063 1815 et
1080 1766 1158 1827 ipsos
1178 1769 1225 1817 iiie
1244 1772 1342 1831 Seque·

284 1844 348 1883 nam
366 1834 500 1882 transisse
516 1838 543 1883 et
560 1834 719 1890 scriptorem
733 1842 873 1893 utriunque
890 1836 1033 1883 transitum
1047 1836 1163 1884 silentio
1177 1842 1341 1899 praeteriens

284 1901 411 1951 credidit.
447 1906 480 1952 Et
498 1905 587 1952 tamen
608 1916 640 1949 ex
660 1905 725 1963 troc,
745 1905 813 1963 qrrod
832 1912 933 1951 temere
953 1905 1052 1967 posuit,
1074 1907 1204 1955 coricindi
1223 1906 1262 1967 id,
1279 1908 1340 1972 quot

284 1971 391 2033 voluit,
417 1972 469 2021 nisi
489 1974 596 2021 subiato
614 1973 683 2020 inter
702 1974 836 2032 poindem,
854 1984 924 2034 quiae
944 1974 970 2021 in
995 1974 1054 2035 ripa
1070 1978 1125 2033 esi,
1146 1984 1177 2023 et
1195 1976 1297 2039 ripum,
1316 1976 1339 2027 ΙΙ

284 2052 339 2101 qua
367 2048 409 2087 est
436 2043 529 2103 patus,
562 2042 718 2091 discrimine
743 2054 793 2089 uon
813 2044 906 2101 podest.
944 2044 1008 2090 Turn
1029 2043 1155 2091 intiiiitns
1174 2046 1339 2109 urgrrmeuiit

280 2108 464 2171 impugnatam
483 2112 648 2171 scripturam
665 2124 697 2159 eo
716 2112 802 2163 titanis
822 2114 916 2159 ntirnut
935 2122 977 2158 est
990 2112 1139 2174 sep'ii'erw,
1161 2114 1338 2181 linnereusit,

279 2176 406 2229 Kranero
438 2181 614 2228 deserendam
646 2188 673 2226 et
698 2180 844 2227 secundum
872 2181 1064 2241 Nipperdeium
1093 2186 1210 2233 mutand
1284 2196 1338 2235 eret

278 2248 379 2307 visam,
399 2260 450 2308 ntro
468 2249 598 2308 aptiorem
620 2248 666 2296 iiio
685 2258 712 2295 et
731 2249 878 2307 pinniorem
900 2264 1009 2298 sertsnm
1032 2251 1156 2310 praeiret.
1195 2254 1220 2311 0
1260 2268 1285 2305 ιιι
1300 2252 1337 2319 qud

281 2320 410 2366 exhibent
427 2318 499 2380 iibri,
518 2318 542 2365 si
557 2318 711 2377 interpolati
725 2326 796 2375 nuru,
815 2328 889 2365 certe
904 2332 956 2367 mm
972 2323 1034 2367 sitiit
1047 2322 1336 2385 ntrsurueinterpoieti.

280 2387 322 2433 Ac
334 2388 500 2434 Dotrerenzio
515 2388 629 2449 attidem,
649 2386 694 2447 qni
712 2386 745 2434 de
767 2386 823 2434 aiio
842 2389 940 2446 protende
958 2390 1096 2451 cogitasse
1116 2390 1236 2443 videtur
1249 2392 1338 2453 (vertit

282 2454 353 2503 enim
368 2455 406 2502 da
420 2456 467 2504 ein
475 2455 631 2520 Snirrpfzo
645 2455 739 2505 iiarem
748 2455 873 2505 serenatae
887 2458 999 2520 noriup,
1015 2470 1075 2505 cum
1083 2459 1250 2519 Septiertus
1264 2474 1337 2523 poeu-

282 2523 337 2572 erit
349 2536 381 2571 so
394 2522 462 2572 dnos
476 2527 518 2575 sie
533 2525 703 2588 densunrpf
713 2536 768 2572 rior
781 2524 841 2572 sicit
856 2525 954 2577 neten.
969 2526 1075 2576 dersie
1086 2528 1227 2594 nene'itzt,
1239 2532 1336 2583 Krene·

280 2605 330 2642 rus
343 2605 375 2639 so
389 2593 456 2641 derso
469 2595 510 2643 sie
524 2595 578 2644 den
586 2594 694 2657 Sennis·
702 2595 746 2641 ais
758 2593 840 2642 einen
848 2593 958 2643 Sedete
970 2606 1026 2644 eor
1039 2596 1100 2645 aicit
1117 2597 1246 2659 terren)
1259 2602 1337 2663 ipit!

281 2661 386 2709 codicis
402 2664 493 2719 optimi
508 2666 670 2733 scriptoram
686 2668 780 2710 tenere
795 2664 894 2711 licebat
908 2668 958 2712 itae
972 2665 1336 2727 adnitntainterpretatinnra

279 2732 319 2782 do
330 2732 370 2780 aie
385 2733 466 2781 einen
473 2735 583 2798 Surenas
592 2744 648 2781 nor·
660 2731 721 2780 eit-it
733 2731 830 2792 suiten,
844 2734 889 2780 vei
899 2734 964 2783 ittae:
983 2734 1069 2783 darie
1076 2736 1133 2801 fair·
1141 2738 1339 2805 cirtensem!

277 2803 397 2868 yesorpt
421 2801 531 2852 hutten.
568 2803 609 2853 Ei
635 2815 664 2851 re
683 2813 750 2849 vera
769 2802 984 2857 Limieniireeius
1000 2808 1160 2867 piroepecin
1177 2808 1337 2869 pruinam

277 2871 362 2932 ripere
388 2870 462 2927 tegit.
506 2871 630 2919 Ceterum
655 2873 723 2932 qirod
749 2869 817 2922 Oud.
842 2871 873 2918 in
897 2871 972 2933 ripis
997 2880 1093 2921 contra
1109 2874 1229 2925 codices
1247 2884 1337 2929 teum

275 2940 347 2990 idem
374 2952 437 2987 esse
460 2938 541 3003 dicit,
574 2941 643 3001 qtrod
662 2941 700 2989 ad
718 2939 800 3001 ripas
818 2940 878 3003 „uti
896 2941 1055 3000 saepissime
1076 2942 1107 2991 in
1124 2946 1221 2995 tendis
1240 2948 1337 3011 prod

276 3006 391 3058 undere“
411 3012 460 3059 noe
475 3020 528 3070 qrra
545 3015 633 3057 mente
652 3010 758 3067 dixerit,
777 3022 811 3056 ex
832 3011 892 3057 eins
911 3011 972 3059 ndn.
990 3012 1023 3058 ad
1038 3012 1145 3061 huconi
1160 3012 1193 3080 8,
1212 3016 1269 3069 862
1282 3020 1336 3070 eni.

275 3079 325 3144 ligi
338 3082 443 3139 potest:
461 3090 555 3137 parum
570 3088 699 3126 accurare
713 3079 812 3125 dictmn
823 3089 886 3124 esee
900 3079 1021 3126 Httrrdins
1034 3080 1127 3129 docuit
1138 3084 1227 3143 Ture.
1241 3088 1336 3155 ”2²⁵¹-

309 3146 424 3197 Irririeni
443 3148 547 3206 castra]
569 3147 601 3196 1..
619 3150 726 3197 ceretro
745 3147 830 3209 Botrg.
848 3144 880 3194 Α.
898 3147 939 3197 ΡΙ.
957 3148 1113 3200 Labienum
1131 3150 1188 3205 (ix.

308 3246 376 3308 cap.
400 3248 443 3296 59.
462 3247 488 3306 S.
511 3249 525 3296 1
544 3243 575 3312 a]
591 3259 643 3295 om.
663 3247 740 3295 Leid.
760 3251 793 3296 A.
812 3245 870 3295 Pet.
890 3248 962 3298 Har.
981 3250 1015 3300 A.
1033 3248 1118 3300 Vind.
1137 3252 1176 3301 A.

308 3345 461 3405 Gergovia]
480 3344 621 3410 Gerpodia
640 3348 742 3409 „Mem
761 3342 868 3394 mniti“
887 3347 970 3395 Voss.
995 3342 1028 3397 Α.
1057 3350 1136 3405 Eune.
1155 3350 1241 3407 eote.
1259 3356 1334 3421 meg.

272 3416 306 3464 A.
326 3415 391 3464 Par.
409 3419 441 3463 Α.
464 3416 544 3465 Vind.
566 3417 594 3462 ii.
616 3420 643 3464 et
661 3420 724 3464 ante
743 3427 814 3463 corr.
835 3418 865 3462 ut
885 3417 1001 3479 videtur,
1020 3416 1065 3467 Dr.
1084 3418 1120 3469 Δ.
1141 3418 1195 3473 (ir.
1216 3426 1243 3473 it.
1262 3424 1333 3478 aar·

272 3483 354 3549 podia
373 3486 452 3534 Vrat.
474 3489 508 3533 A.
526 3483 673 3547 Geryoniu
692 3486 775 3543 Bona.
796 3484 826 3532 G.
846 3484 930 3532 vind.
950 3484 980 3535 c.
1002 3495 1030 3533 et
1047 3496 1065 3533 a
1082 3500 1119 3535 m.
1140 3504 1185 3551 pr.
1206 3496 1290 3547 vna
1306 3494 1332 3545 ι

271 3560 299 3601 et
317 3553 397 3602 Gotir.
417 3556 449 3601 A.
471 3554 531 3603 Ber.
552 3554 621 3601 Ven.
641 3555 662 3601 i.
688 3555 829 3618 porponta
847 3554 923 3602 Rom.
943 3565 970 3605 a.
989 3551 1146 3621 Gereonio
1158 3560 1251 3614 Vind.
1270 3566 1293 3615 1.
1310 3568 1334 3615 ti

270 3632 289 3670 a
305 3634 418 3672 msto.
436 3623 515 3674 Vrat.
534 3622 564 3672 B.
583 3623 654 3675 Med.
674 3635 698 3673 a.
718 3626 787 3674 ven.
810 3624 886 3673 tede.
920 3622 964 3673 ct.
981 3626 1045 3674 adn.
1063 3639 1103 3679 or·
1124 3628 1163 3679 ad
1181 3644 1211 3683 o.
1230 3633 1250 3685 4
1266 3626 1331 3697 §.2

286 3806 313 3868 s.
341 3808 358 3856 ii
390 3811 488 3859 eontra
513 3808 628 3858 Labieni
652 3809 759 3868 castra]
804 3811 864 3869 cet,
890 3811 921 3858 ut
939 3822 1049 3859 manum
1065 3811 1258 3871 festinantem
1273 3824 1331 3872 ete

232 3873 395 3940 Labienum,
412 3878 459 3939 qui
478 3880 558 3928 modo
577 3881 632 3927 iter
649 3878 684 3926 ad
701 3880 760 3926 hu·
802 3880 895 3942 legato
908 3881 944 3928 ad
958 3882 1157 3940 imperatorem
1168 3890 1331 3943 reletecor-

232 3944 328 3993 tetiam
347 3946 443 3995 tacere
462 3950 589 4009 coepisse
602 3949 759 4012 dietusest,
802 3949 947 4009 ripientem
970 3962 1027 4000 uon
1043 3953 1141 4013 possis
1163 3970 1228 4011 non
1249 3972 1330 4027 egne-

231 4023 261 4066 et
284 4016 448 4074 pervenisse
464 4031 513 4081 eo,
547 4031 599 4079 qruo
619 4020 758 4084 tendebat,
799 4030 887 4068 scere.
1197 4074 1202 4089 ,

231 4087 262 4136 et
278 4092 373 4135 eastra
391 4098 407 4135 e
427 4087 541 4149 regione
561 4088 688 4136 Lutetiae
707 4100 758 4148 po·
852 4087 918 4148 cap.
936 4087 980 4137 59.
997 4086 1025 4147 S.
1043 4090 1067 4139 1·
1076 4094 1108 4143 et
1125 4100 1253 4151 seeundo
1268 4100 1329 4151 flei-

144 4160 147 4165 '
230 4154 325 4209 euhoe
340 4154 384 4207 iris
401 4156 496 4207 vertis
513 4156 633 4219 seriptor
649 4158 691 4207 ita
706 4159 757 4210 do·
798 4157 947 4217 iiaenotu]
960 4159 1328 4225 lieoteflotomermmttme
