2700 4726
226 283 303 355 aas
411 232 421 259 '
482 281 555 351 ns
586 280 770 351 nunno
802 278 1054 353 caturco

215 493 256 537 ex
276 470 398 537 castris
422 471 539 555 egredi
561 478 721 558 cogatur,
751 470 881 536 dierum
901 468 1020 540 XXX.
1046 470 1206 560 pabulum
1228 471 1302 539 fru-

215 568 428 646 mentumque
451 560 572 625 babero
595 580 710 626 omues
734 566 927 627 convectum
952 558 1060 630 iubet.

248 751 322 803 ente
347 747 420 802 Lon.
444 751 521 814 Egm.
538 751 608 805 [ιιι.
625 749 710 801 cont.
734 749 813 802 carr.
840 750 899 800 cod.
921 750 1002 801 Turr.
1022 749 1109 815 Bong.
1126 752 1159 800 h.
1186 749 1250 800 i’ar.
1268 752 1303 807 ι.

249 822 335 870 naen.
360 822 407 871 Dr.
434 822 467 869 A.
501 832 573 871 corr.
605 822 650 884 et,
680 818 725 883 qui
753 820 887 883 Imperat
917 820 1073 885 praeponit,
1106 821 1135 869 Β.
1161 819 1244 870 Vrat.
1270 821 1305 869 A.

247 893 277 939 et
299 898 317 937 a
342 901 375 938 m.
402 902 444 951 pr.
467 889 496 936 ii.
523 889 602 939 (ioth.
628 890 658 937 ii.
685 890 781 940 iiamb.
812 889 864 940 Gn.
891 887 973 941 Vind.
1000 888 1057 938 hii.
1084 889 1163 939 Rom.
1186 901 1211 941 a.
1238 891 1301 941 Ber.

246 957 372 1019 otiien.
394 961 428 1009 A.
463 958 617 1022 Herzcgins
640 960 693 1009 nat
717 958 827 1021 probari
845 967 925 1020 posse
945 969 998 1007 non
1014 956 1119 1023 minus,
1146 969 1228 1020 onam
1247 972 1304 1011 cea

247 1029 412 1077 contendens
426 1034 455 1076 et
474 1040 499 1077 c.
512 1030 547 1081 72
564 1037 592 1077 et
606 1025 724 1089 zumpth
741 1027 769 1088 8.
782 1028 835 1079 337
852 1038 1067 1078 commemorans
1083 1028 1152 1077 haec
1167 1028 1202 1077 ad
1221 1039 1304 1089 prae-

248 1097 375 1147 cedentis
393 1097 500 1146 referre
518 1105 546 1146 et
566 1099 635 1146 banc
659 1098 775 1147 aiteram
793 1102 896 1158 partem
917 1094 1041 1161 consilii,
1063 1107 1115 1158 qno
1134 1094 1241 1148 Caesar
1261 1096 1305 1148 di·

247 1176 348 1214 versas
367 1165 528 1215 munitiones
546 1156 641 1217 contra
658 1165 822 1217 exteriorem
841 1167 945 1215 hostem
965 1165 1126 1228 perfecerit,
1146 1165 1304 1230 intelligere

245 1234 371 1299 vitietur,
397 1247 432 1285 ue
450 1248 511 1286 cnm
528 1235 651 1301 periculo
668 1248 704 1285 ex
721 1236 821 1285 eastris
838 1235 931 1298 egredi
951 1235 1054 1285 milites
1071 1244 1220 1299 cogantur,
1248 1236 1304 1286 soi·

247 1303 316 1355 licet
332 1304 367 1357 ob
383 1302 465 1355 nimis
481 1305 647 1354 deminutum
666 1303 862 1368 egredientium
878 1317 1027 1355 nnmerum.
1067 1302 1118 1354 Cui
1134 1303 1303 1366 interpreta-

247 1370 316 1422 ιιοιιι
336 1371 451 1434 primum
470 1373 623 1422 sententiae
642 1373 763 1424 inanitas
780 1376 862 1438 etque
879 1373 1044 1434 obscuritas,
1065 1374 1121 1422 tum
1138 1372 1217 1440 iliud,
1233 1375 1305 1439 quod

247 1441 393 1524 seqnitur,
411 1443 526 1494 dieram
552 1443 711 1493 XXX—
727 1443 821 1508 tabet,
852 1444 922 1505 qnod
945 1440 1049 1504 promsi
1075 1451 1173 1492 carere
1198 1443 1303 1510 nequit,

48 1552 51 1561 .
145 1526 150 1539 ·
247 1510 393 1573 denique
384 1524 471 1572 ipsum
490 1513 580 1562 obstat
596 1514 665 1573 ant,
689 1511 767 1562 cuius
791 1514 852 1563 ineo
877 1513 1028 1573 ponendum
1045 1517 1107 1563 eret
1129 1523 1194 1561 nere.
1232 1513 1304 1562 Nam

244 1592 297 1645 ne,
318 1582 388 1642 quod
404 1581 549 1644 legitnrs.
569 1581 601 1648 1,
628 1581 783 1643 comparari
801 1592 855 1630 uon
873 1583 963 1641 potest
981 1594 1042 1630 cum
1060 1592 1110 1644 eo,
1135 1582 1249 1642 quode.
1266 1584 1301 1634 72

246 1647 275 1710 8.
293 1651 310 1698 2
333 1650 451 1714 tegitur,
476 1651 520 1699 cui
540 1660 616 1700 recte
632 1651 755 1700 succedit
778 1652 839 1700 nat.
876 1648 1031 1713 Herzogius
1053 1647 1136 1709 igitur
1153 1661 1208 1700 non
1226 1651 1303 1700 ferre

245 1730 319 1782 nea,
346 1719 396 1767 sed
413 1720 569 1781 praeferre,
593 1725 649 1768 tum
666 1722 758 1769 autem
774 1731 829 1770 nou
846 1721 949 1770 iuniore
966 1722 1032 1769 ente
1049 1718 1095 1784 iu,
1119 1719 1168 1768 sed
1184 1719 1301 1783 minore,

221 1800 326 1850 =quam
343 1789 407 1836 ante
426 1788 542 1839 dieram
560 1787 776 1849 interpunctione
794 1785 834 1838 nti
851 1788 975 1840 debebat.
1011 1785 1156 1838 Caesarem
1176 1800 1260 1853 vero,
1277 1787 1303 1839 si

244 1856 389 1918 scripserit
411 1869 485 1923 nete,
508 1857 565 1908 etia
589 1856 617 1906 id
635 1865 724 1907 mente
747 1855 895 1919 scripsisse
919 1858 948 1906 et
966 1856 1136 1920 disiungendi
1158 1855 1301 1920 signitica-

244 1925 320 1977 tioue
346 1923 472 1988 neglecta
497 1913 612 1988 copui'ae
636 1925 692 1974 vim
717 1927 845 1976 tribuisse
871 1925 999 1976 enctitico
1025 1927 1060 1976 ad
1084 1923 1301 1978 coniunctionem

244 1994 352 2045 adiecto
378 1997 549 2045 statuendum
571 1997 629 2056 est,
656 1993 682 2043 id
706 1997 776 2055 quod
797 1993 912 2046 ovidius
932 1993 1001 2045 iocis
1025 1993 1188 2056 aLipperto
1212 2004 1243 2047 ec
1267 1997 1301 2049 ab

242 2063 448 2113 liaudioTurs.
467 2061 501 2128 4,
520 2062 720 2116 mannitionis
741 2063 909 2114 hauddubie
928 2063 1004 2114 feeit.
1039 2060 1125 2112 Vetat
1143 2065 1256 2116 Metam.
1273 2062 1300 2130 4,

240 2131 309 2185 80οι
327 2144 435 2184 auersa
452 2136 497 2185 est
516 2134 545 2184 et
562 2136 659 2183 castos
677 2133 777 2199 aspide
796 2133 896 2182 cottone
909 2131 992 2182 Nata
1008 2131 1087 2182 Iovis
1104 2133 1202 2191 tecit5
1228 2146 1300 2185 neve

241 2201 296 2253 boc
315 2200 430 2266 impune
448 2201 572 2271 saintet,
596 2201 779 2267 conponentes
803 2202 915 2252 crinem
931 2205 1034 2264 turpes
1050 2203 1178 2253 ιιιιιιαοιι
1196 2201 1229 2252 itt
1246 2202 1299 2266 ιιι-

241 2271 322 2323 drot.
364 2274 405 2322 Ac
427 2284 462 2321 ne
489 2273 551 2335 quis
576 2278 651 2332 putet
678 2272 748 2322 huuc
769 2270 892 2334 aliosque
915 2273 1012 2333 poetas
1035 2282 1112 2322 merc
1135 2270 1251 2322 lieentia
1272 2274 1299 2323 et

240 2341 310 2402 qnod
328 2351 422 2404 neque
448 2343 530 2404 louge
549 2338 698 2400 penultima
719 2351 818 2400 ponere
836 2351 890 2390 non
908 2347 1037 2404 possent,
1063 2351 1111 2401 pro
1130 2352 1163 2391 eo
1181 2354 1254 2393 nece
1271 2348 1299 2392 et

238 2421 296 2460 nea
316 2408 435 2459 dixisse:
456 2421 541 2474 saepe
559 2408 639 2459 etiam
658 2406 838 2469 scriptoribus
857 2409 944 2457 solnm
961 2407 1133 2471 negationem
1153 2410 1299 2461 suffecisse

239 2478 384 2540 videmus,
410 2486 440 2528 ut
466 2491 513 2528 res
536 2480 636 2528 natura
660 2477 821 2528 coniunctas
845 2476 1008 2541 minimeque
1029 2477 1158 2528 diverses
1178 2479 1220 2528 sic
1240 2479 1298 2529 dis·

240 2546 400 2608 iungerent:
424 2558 478 2609 qua
497 2547 530 2595 de
548 2557 580 2596 re
598 2546 636 2597 of.
654 2544 703 2596 int.
721 2543 755 2608 t,
773 2547 807 2599 17
832 2546 859 2607 8.
878 2546 928 2605 10;
952 2555 980 2596 οι
998 2558 1077 2610 quem
1095 2558 1183 2610 prope
1200 2547 1297 2598 iisdem

239 2615 370 2666 euciittca
389 2627 426 2666 ce
443 2618 471 2665 et
488 2627 543 2679 qne
566 2613 722 2677 contingere
739 2615 812 2667 inter
827 2625 859 2663 se
875 2615 932 2664 sint
950 2614 1030 2682 visa,
1055 2615 1209 2667 consimilis
1226 2629 1299 2670 nene

240 2687 270 2734 et
287 2696 379 2748 neque
397 2683 542 2734 dictionum
561 2682 672 2734 iteratio
689 2687 839 2749 monstrat,
858 2684 961 2746 deque
978 2684 1004 2734 iu
1022 2687 1084 2735 adn.
1105 2696 1143 2736 or.
1163 2687 1199 2737 ad
1219 2687 1299 2737 huius

239 2753 302 2805 iibri
327 2751 406 2803 c.14
427 2751 490 2813 88
516 2752 666 2814 expositum
685 2762 736 2802 est.
779 2751 860 2817 Atqui
885 2765 941 2803 nen
959 2752 987 2804 in
1003 2755 1072 2820 ant,
1097 2754 1169 2816 quod
1188 2756 1298 2806 codices

127 2826 133 2837 '
239 2823 383 2887 exhibent,
409 2821 611 2886 consumptrix
630 2823 733 2886 potnit:
756 2826 809 2876 eat
826 2822 911 2874 facito
929 2821 1017 2885 potuit
1034 2836 1069 2874 ex
1087 2822 1248 2876 coniectura
1271 2825 1299 2876 in

203 2994 306 3048 candos
324 2994 455 3051 obsessos
472 2992 606 3044 venirent.
639 2991 681 3042 Ac
699 3006 730 3044 re
772 2992 849 3044 ribus
873 2991 958 3044 facile
981 2992 1187 3057 intelligendum
1211 2994 1296 3058 ponit.

208 3076 278 3114 vera
299 3062 449 3114 caesarem
472 3062 605 3125 perfectis
633 3065 730 3113 contra
772 3062 922 3113 Discedere
946 3070 1035 3112 eutem
1060 3057 1209 3114 Censorem
1236 3072 1298 3119 sta·

203 3133 365 3183 exteriorem
401 3134 503 3183 hostem
535 3132 729 3181 munitionibus
772 3130 1296 3202 timperfectismunitionihnsetprius,

202 3199 388 3253 frumentandi
419 3204 447 3251 et
473 3202 618 3263 pabulandi
643 3213 730 3251 cause
772 3213 851 3264 quem
870 3201 989 3254 exterior
1013 3203 1100 3253 hostis
1125 3201 1296 3271 advenisset,

203 3271 347 3321 discedere
361 3270 485 3321 votuisse
501 3283 536 3320 ex
553 3281 586 3319 eo
603 3272 729 3336 apparet,
771 3269 949 3320 constituisse
974 3282 1034 3320 cnm
1058 3284 1107 3335 per
1131 3284 1163 3322 se
1193 3272 1296 3323 verisi-

203 3342 273 3404 quod
292 3341 396 3391 dierum
413 3339 649 3402 xxx.paon1nm
666 3339 729 3389 fru-
770 3339 834 3389 mite
858 3347 916 3404 est,
950 3343 1005 3389 tum
1034 3341 1122 3390 verbe
1145 3341 1247 3393 docent
1270 3343 1296 3394 tt

202 3413 375 3473 mentumque
403 3410 505 3460 habere
535 3421 630 3459 omnes
660 3419 729 3458 con·
772 3407 817 3458 tta
845 3408 977 3471 accidat,
1008 3409 1118 3460 scilicet
1141 3412 1173 3460 nt
1195 3423 1295 3477 magua

201 3484 313 3531 rectum
338 3479 428 3529 iussit.
470 3479 503 3528 ld
532 3478 603 3528 enim
633 3476 728 3528 iubere
771 3489 831 3527 cnm
849 3477 1020 3528 multitudine
1037 3477 1180 3543 venirent,
1198 3480 1296 3544 quibus

201 3560 273 3600 seua
295 3556 385 3598 mente
411 3547 551 3610 praeditus
575 3560 630 3599 uon
649 3549 728 3609 pote·
771 3546 864 3596 verbis
890 3546 1086 3599 multitudinem
1117 3547 1193 3599 iiiam
1224 3562 1295 3602 uou-

201 3623 266 3681 rat,
288 3617 342 3667 nisi
358 3619 407 3667 aut
426 3616 485 3680 ipse
504 3628 552 3667 eos
570 3618 727 3679 pabulatum
770 3617 833 3665 dum
850 3617 995 3681 adfuisse,
1020 3619 1068 3668 sed
1086 3615 1128 3666 his
1145 3615 1217 3680 ipsis
1234 3619 1295 3670 die·

202 3689 231 3736 et
250 3686 440 3737 immentatum
466 3686 612 3752 educeret,
638 3688 727 3737 ante
771 3685 822 3734 bus
844 3687 1000 3748 exspectari
1031 3685 1154 3748 potuisse
1182 3697 1218 3737 uc
1243 3690 1294 3739 de-

201 3755 303 3817 legatis
316 3757 468 3805 educendos
486 3764 606 3808 curaret.
634 3755 727 3817 ipsun
770 3753 865 3806 baisse
882 3754 1060 3818 significatur.
1086 3757 1129 3805 Ad
1147 3756 1295 3810 dictionem

202 3834 270 3872 vero
302 3823 356 3872 sihi
387 3835 448 3875 eam
481 3836 538 3874 rem
571 3824 724 3890 suscipere,
770 3825 807 3875 ct.
828 3824 861 3887 5,
884 3824 969 3885 238.
988 3827 1019 3874 3ι
1048 3824 1091 3875 Ac
1113 3825 1156 3875 sic
1175 3827 1293 3894 αοοιιιιι,

201 3903 282 3957 qnam
305 3890 369 3943 aliis
393 3893 561 3945 committere
592 3893 725 3945 maluisse
768 3893 814 3944 nte·
831 3901 884 3944 οιο.
907 3896 935 3945 et
959 3895 993 3945 de
1016 3892 1141 3945 ablativo
1165 3896 1295 3950 discessor
1333 3938 1342 3949 .

200 3971 258 4011 nou
275 3961 362 4025 magis
387 3962 537 4014 mirandum
555 3971 613 4027 est,
644 3973 726 4026 quarn
768 3963 827 4014 rid.
846 3964 907 4013 adn.
923 3961 1010 4030 adh,
1031 3962 1095 4025 38
1111 3961 1137 4014 6.

202 4031 272 4095 quod
289 4032 360 4081 hauc
377 4042 454 4081 suam
472 4033 533 4083 iore
547 4044 658 4094 operam
671 4043 725 4082 uon
820 4030 847 4092 8.
866 4036 955 4082 2ιιοιι
972 4044 1032 4083 cum
1050 4031 1173 4094 periculo
1191 4046 1227 4085 ex
1243 4044 1292 4085 ce-

201 4099 296 4151 rerhis
315 4099 454 4161 expressis
473 4102 657 4164 demonstrat,
674 4103 725 4152 sed
768 4099 835 4152 stris
852 4101 946 4164 egredi
968 4103 1098 4166 cogetur]
1125 4097 1194 4153 Cum
1218 4101 1292 4165 peri-

202 4171 341 4236 temonem
357 4170 448 4224 uotum
462 4170 491 4220 et
507 4169 543 4278 ab
555 4170 625 4235 ipsis
637 4171 724 4224 lecto·
768 4170 832 4224 eolo
850 4182 1017 4237 egressurus
1041 4171 1104 4223 eret
1121 4165 1244 4242 Caesar,
1266 4168 1292 4225 si
