2700 4726
143 284 212 357 456
399 281 471 350 lta
499 278 680 394 altato
713 276 968 349 Gnttlco

109 471 282 560 doquites
307 471 439 537 versari
467 489 614 557 suosque
643 468 816 558 appellare
843 465 950 535 iubet.
992 462 1059 531 His
1083 465 1235 550 'cognitis

150 569 186 627 at
206 558 351 625 Litavici
374 556 495 624 frauda
516 563 692 647 perspecta
709 554 844 622 Haedui
865 575 984 620 manns
1006 550 1159 634 tendere,
1178 552 1237 618 de-

151 647 311 713 ditionem
340 646 531 731 significare
559 657 594 710 et
620 645 780 732 proiectis
809 643 915 708 armis
948 651 1089 715 mortem
1117 640 1252 726 depre-.„

111 736 133 799 7
154 736 226 802 ocri
253 727 430 822 incipiunt,
472 733 648 799 Litavicus
674 753 749 798 cum
775 731 846 797 suis
872 730 1074 809 clientibus,
1113 729 1240 815 quihus

154 844 248 890 mora
270 821 446 889 Gallorum
468 822 561 888 nefas
584 829 639 887 ast
661 821 763 887 stiam
789 821 824 884 in
847 825 998 884 sxtrsma
1019 818 1157 883 fortuna
1181 816 1242 882 de·

153 931 268 977 sarcre
292 916 466 999 patronos,
489 908 689 994 Gergoviam
713 906 877 997 profugit.
926 908 982 974 41.
1007 903 1137 974 Caesar
1156 926 1243 971 nun·

220 1097 248 1161 s.
266 1098 511 1161 dllis113ong.A.
531 1096 572 1147 Pl.
592 1099 655 1149 Par.
674 1100 708 1151 A.
726 1097 776 1148 Dr.
790 1095 847 1148 AB.
865 1095 950 1147 Vrat.
966 1096 1000 1147 A.
1018 1095 1168 1148 VindAll.
1186 1096 1241 1148 cs.

188 1169 242 1219 (lu.
261 1169 321 1220 edd.
341 1171 407 1220 ante
432 1169 463 1218 Ρ.
488 1170 562 1216 Man.
586 1169 636 1219 (ir.
657 1170 682 1218 lt.
704 1168 793 1218 lirsll.
814 1167 894 1217 Turr.
914 1164 969 1221 tiis
988 1165 1064 1216 soti.
1083 1167 1167 1218 Vrat.
1186 1167 1242 1220 Bc.

186 1239 285 1289 llamb.
305 1239 340 1288 iis
360 1238 441 1288 Goth.
461 1237 491 1286 lt.
508 1237 538 1286 P.
556 1239 633 1289 Mau.
653 1238 757 1288 nid-lt.
774 1235 852 1297 Lips.
870 1238 900 1284 et
917 1247 975 1296 sqq.

220 1308 399 1366 deditionem]
417 1307 528 1372 „Boug.
546 1309 579 1356 A.
599 1309 657 1359 Pet.
676 1307 754 1371 ligur.
772 1305 790 1354 8
807 1299 866 1356 al.“
885 1305 946 1355 ret.
966 1303 1050 1354 Voss.
1066 1305 1099 1352 A.
1118 1298 1170 1367 (ex
1187 1314 1241 1368 quo

186 1375 256 1428 oud.
277 1377 423 1428 deditione
440 1375 538 1442 offert)
556 1377 633 1440 Egm.
653 1376 727 1427 Gott.
744 1375 828 1425 Fabr.
846 1373 906 1424 Pet.
923 1373 1007 1437 flung.
1023 1371 1054 1423 (i.
1073 1372 1131 1422 l’al.
1152 1370 1241 1426 cond.

186 1447 252 1497 Por.
284 1449 318 1496 A.
350 1445 434 1495 Vind.
464 1443 558 1495 clii'l.
600 1447 651 1496 (tu.
686 1447 715 1495 et
744 1456 762 1494 a
792 1457 836 1493 me
870 1443 965 1495 collati
1000 1453 1096 1492 omnes
1128 1445 1243 1503 practer

185 1516 270 1570 vind.
288 1518 322 1566 A.
344 1516 469 1578 quicum
486 1514 557 1565 llav.
576 1518 610 1565 A.
634 1516 663 1564 et
679 1512 796 1575 reliquis
815 1512 883 1564 oud.
900 1515 929 1562 et
951 1510 1011 1560 Ald.
1028 1513 1073 1562 ab.
1094 1509 1144 1562 tir.
1163 1522 1190 1562 a.
1209 1512 1242 1567 P.

184 1587 258 1636 Man.
278 1587 359 1635 l'urr.
378 1583 454 1645 Lips.
476 1585 516 1633 lu.
535 1584 583 1633 Gr.
605 1584 677 1637 Dav.
697 1585 779 1633 habet
798 1585 827 1633 et
846 1581 1029 1633 deditionem.

220 1652 247 1714 S·
267 1656 286 1706 7
311 1653 446 1716 profugit]
471 1653 607 1719 perrupit
624 1655 696 1703 llav.
717 1655 750 1703 A.
769 1651 853 1701 Vind.
873 1655 906 1701 A.
924 1653 956 1700 ut
974 1650 1009 1714 8,
1028 1651 1061 1700 21
1081 1649 1109 1711 S.
1129 1650 1165 1716 1,
1188 1661 1242 1713 qno

185 1722 249 1775 loco
266 1722 296 1772 in
315 1722 385 1772 And.
403 1722 455 1772 01.
472 1722 521 1773 cu.
543 1723 571 1771 S.
588 1722 667 1772 held.
686 1723 719 1771 A.
737 1721 884 1787 protopit,
901 1720 931 1770 in
950 1720 1053 1770 ceteris
1070 1721 1116 1769 est
1135 1721 1244 1786 confu-

182 1792 235 1856 pit.
269 1793 448 1855 Reliquorum
472 1792 613 1855 locurum,
638 1803 709 1854 quos
727 1791 763 1841 ad
781 1791 808 1854 S.
830 1795 847 1841 3
866 1790 1022 1855 adscripsi,
1047 1802 1104 1842 non
1122 1791 1243 1852 amplius

184 1863 246 1913 tres
263 1861 426 1926 quibusdam
443 1861 567 1913 inlibris
584 1861 613 1911 in
632 1872 688 1926 per
706 1863 841 1912 mutatam
859 1872 915 1924 pro
934 1860 1053 1911 halent:
1073 1861 1099 1925 1,
1120 1858 1156 1911 53
1178 1858 1207 1922 S.
1225 1865 1243 1913 3

203 2015 232 2078 S.
258 2019 276 2070 6
309 2015 472 2067 deditionem
505 2013 675 2084 significare]
719 2029 755 2067 au
768 2017 915 2067 secundum
928 2014 1090 2079 tertiumque
1101 2013 1248 2077 praediea-

151 2083 183 2136 Si
199 2085 384 2149 scriptorius
402 2086 461 2135 slne
480 2086 579 2149 copula
600 2086 677 2136 adie-
720 2089 776 2136 tum
807 2082 999 2151 (siqntficare,
1020 2087 1048 2134 et
1077 2079 1246 2147 deprecari)

151 2155 201 2223 alt,
217 2158 287 2207 hano
300 2156 442 2207 deditionis
450 2153 677 2219 significationem
720 2155 830 2216 copulet
844 2156 894 2220 ita,
911 2161 941 2204 ut
952 2159 1096 2217 utrumque
1108 2159 1247 2219 tamquam

149 2225 188 2280 ‚ab
207 2225 273 2290 illa,
291 2238 370 2289 qoam
387 2224 477 2275 verbu
493 2237 595 2274 manus
613 2227 679 2276 ten·
720 2226 837 2275 alterum
848 2224 1248 2286 siuccopulasoccedatprimo

152 2294 225 2347 dere
258 2296 460 2359 demonstrant,
498 2292 697 2356 distinguere„
721 2294 861 2360 tendere,
878 2297 908 2343 st
927 2294 1013 2343 series
1033 2305 1087 2342 non
1106 2294 1247 2356 tripartita

50 2370 53 2377 ’
151 2361 261 2414 mloime
279 2376 347 2414 vero
365 2362 441 2413 illam
459 2361 502 2410 his
519 2364 614 2410 verbis
628 2364 680 2411 de·
722 2364 773 2425 sit,
793 2364 844 2412 sed
862 2363 1010 2427 bipartita,
1028 2362 1101 2412 sicut
1120 2365 1147 2428 1,
1166 2367 1200 2413 23
1219 2361 1245 2423 S.

152 2432 264 2483 alarare
280 2431 404 2481 voluisse
416 2429 610 2480 existimandus
625 2433 679 2494 cst,
723 2431 738 2479 1
756 2439 784 2480 et
800 2431 874 2481 inira
891 2445 915 2480 c.
933 2434 969 2484 63
987 2432 1013 2502 §.
1033 2431 1067 2493 83
1084 2433 1129 2483 cul
1147 2431 1248 2484 rationi

151 2501 373 2565 quemadmodum
384 2499 470 2549 vertit
479 2499 576 2548 Franc.
585 2500 679 2562 Wag—
722 2502 871 2562 respondet
889 2501 956 2566 illa,
980 2513 1059 2567 quam
1077 2499 1111 2563 t,
1130 2505 1165 2551 33
1183 2503 1211 2573 §.
1229 2505 1248 2552 6

151 2580 218 2618 ner:
248 2565 358 2633 litectttn
376 2568 406 2633 iit
423 2581 479 2634 quta
496 2567 595 2633 stilpon
613 2568 679 2637 ittet
722 2569 984 2634 obtinerevidtmus.
1011 2570 1080 2620 Nam
1096 2573 1167 2632 quon
1180 2571 1267 2634 sip--

152 2635 290 2705 litbttqubt
313 2637 349 2691 bit
374 2637 462 2702 alote
487 2642 543 2691 atti.
584 2639 679 2700 Neque
722 2640 849 2702 perdeius
876 2653 901 2701 p.
925 2641 962 2690 68
987 2641 1066 2691 docet
1089 2641 1189 2691 seriem
1207 2640 1248 2691 iia

152 2706 578 2770 euimopuseratdeclaratione,
593 2717 680 2767 neque
723 2707 879 2772 bipartitam
910 2721 989 2772 esse,
1018 2716 1049 2759 ut
1079 2709 1155 2769 prior
1183 2723 1247 2772 pars

151 2787 202 2838 per
229 2774 386 2835 asyndeton
418 2773 538 2823 adiicere
561 2776 682 2838 scriptor
723 2778 829 2829 duobus
867 2777 1033 2839 praedicatis
1069 2782 1180 2828 constet
1214 2780 1247 2829 ob

151 2843 363 2893 declarationem
378 2844 457 2894 solet.
486 2842 611 2905 sequitur
625 2855 677 2893 au·
723 2846 931 2897 concitationem
958 2846 1091 2897 orationis
1116 2849 1178 2898 sine
1199 2861 1249 2899 co·

152 2914 208 2962 tcm
225 2912 321 2962 mortis
334 2911 501 2979 deprecatio,
521 2924 591 2973 quas
605 2913 678 2963 lraud
721 2918 786 2979 pala
804 2915 918 2984 positis,
942 2915 1074 2978 posterior
1095 2930 1177 2968 unum
1196 2921 1248 2971 ha-

152 2982 232 3031 dubie
262 2982 357 3032 vertis
387 2982 485 3044 fiebat,
518 2992 605 3043 caque
629 2994 678 3044 per
722 2987 784 3036 beat
830 2997 880 3049 per
917 2986 1044 3048 copulam
1080 2986 1248 3056 adiunctum,

153 3052 277 3113 copulam
289 3064 355 3120 ¹oum
367 3052 419 3103 trac
434 3047 576 3100 deditionis
591 3048 679 3114 sigui·
722 3066 817 3119 parum
834 3055 974 3115 probabile
985 3056 1102 3107 videtur.
1125 3059 1163 3107 Ut
1176 3059 1248 3109 enim

153 3120 281 3170 flectione
309 3121 462 3171 coniuncta.
496 3120 589 3180 Quare
606 3121 678 3170 hanc
720 3123 905 3175 concitatione
931 3124 1063 3176 orationis
1091 3128 1272 3188 asyndetouae

153 3201 259 3253 quoque
280 3200 350 3250 voca
375 3190 477 3240 iactam
501 3187 679 3252 interpretari
721 3193 796 3242 ellici
821 3192 944 3255 potuisse
964 3196 1127 3262 credamus,
1159 3209 1248 3261 nsque

153 3259 270 3320 parest.
306 3257 349 3307 Gi.
368 3261 401 3323 2,
423 3261 456 3308 to
476 3257 502 3317 S.
522 3260 555 3307 ²:
581 3271 679 3309 omnes
721 3261 764 3311 hic
780 3262 858 3313 locus
876 3263 1132 3328 eratcoucitatioui,
1148 3279 1246 3330 neque,

153 3326 280 3378 maiores
295 3329 371 3377 notu
390 3338 429 3378 cot
447 3326 550 3390 oppido
571 3327 679 3386 (Bello
721 3329 746 3379 sl
770 3339 845 3394 crat,
879 3332 970 3383 subito
995 3332 1118 3384 residere
1142 3334 1195 3385 illa
1220 3343 1248 3385 ea

153 3409 286 3449 vatorum
322 3392 531 3460 Bratuspaniio)
567 3395 680 3463 epressi
720 3401 809 3451 altera
835 3411 899 3463 pars
920 3415 970 3463 per
989 3404 1114 3464 copulam
1132 3404 1247 3468 adiungi

153 3478 258 3517 munus
281 3466 319 3517 ud
338 3465 491 3517 Gaesarem
508 3467 631 3517 tendere
648 3468 680 3517 et
720 3469 855 3533 debebat;
873 3473 904 3519 ut
921 3471 987 3522 nihil
1005 3474 1094 3521 dicam
1111 3473 1145 3523 de
1159 3474 1247 3524 ambl-

152 3548 224 3587 ooce
238 3531 405 3602 sipuificure
421 3538 596 3599 coeperunt,
615 3548 678 3587 sese
719 3538 833 3603 gnitate,
850 3553 930 3602 quam
947 3541 1004 3592 ista
1021 3542 1127 3592 ratione
1139 3542 1252 3595 adscito

152 3605 184 3655 io
202 3603 264 3656 eius
281 3603 366 3669 tidem
383 3617 419 3656 aa
433 3607 610 3668 potestatem
625 3618 679 3656 vc·
720 3609 815 3672 augeri
834 3616 950 3661 necessa
967 3614 1020 3662 est.

151 3674 228 3724 aire.
249 3679 276 3724 et
292 3674 354 3727 civ.
376 3676 401 3736 1,
418 3674 453 3724 28
472 3673 498 3735 S.
517 3679 548 3726 2:
573 3675 676 3734 (Brun-
773 3676 800 3738 S.
814 3679 832 3729 7
848 3692 909 3729 oum
925 3681 983 3729 suis
998 3680 1160 3743 clientibus]
1178 3674 1245 3748 qnos

151 3743 235 3793 disini
247 3743 358 3805 cognita
366 3743 485 3804 Pompeii
494 3744 678 3805 proiectione]
720 3746 877 3810 augustiore
902 3747 1101 3812 significatione
1132 3754 1187 3804 dici
1212 3755 1246 3805 ad

151 3810 587 3879 omqoeoteettsstqntpcetant.
607 3813 680 3864 lllud
719 3819 754 3883 6,
787 3817 821 3868 15
839 3818 866 3879 s.
884 3821 901 3868 2
919 3821 1042 3886 emendi,
1067 3820 1114 3872 ulti
1133 3823 1247 3887 proprio

151 3882 325 3946 dubiumest,
339 3889 428 3933 utrum
441 3883 539 3943 copula
553 3884 595 3932 dis
610 3895 678 3933 ver·
720 3886 827 3938 nomine
857 3887 980 3941 omdueti
1010 3895 1155 3942 vocantur.
1204 3895 1246 3944 De

150 3949 194 3999 itis
208 3950 332 4001 subiecta
346 3952 447 4002 seriem
460 3953 589 4017 omniurn,
607 3962 678 4014 quae
719 3952 763 4005 liis
780 3957 851 4012 euim
865 3959 1036 4021 cogitandum
1049 3972 1112 4011 essa
1125 3974 1247 4025 sequen-

149 4017 254 4069 iecisse
272 4020 378 4069 llaedui
396 4021 539 4087 dicuntur,
572 4022 677 4072 finitam
719 4024 760 4078 tia
778 4028 982 4092 demonstrant,
1010 4044 1080 4096 quae
1096 4030 1159 4093 ipsa
1176 4031 1247 4082 dcli-

148 4100 214 4138 esse
230 4086 349 4152 indicet,
365 4092 395 4138 ut
410 4091 480 4156 6,.2
498 4089 524 4151 s.
543 4095 561 4142 a
580 4088 679 4156 (Ner·
719 4094 836 4149 uieodae
857 4095 1005 4151 clieatiam
1023 4100 1141 4153 notionis
1160 4111 1248 4154 causa

147 4156 228 4225 vioe,
260 4157 427 4212 Aduatucos
450 4170 486 4213 ue
511 4160 679 4226 Menapios)
720 4165 813 4218 addita
846 4164 983 4221 ridentur.
1037 4169 1248 4226 Sowuriorttm
