2700 4726
442 288 550 363 ern.
573 291 655 363 vn.
700 292 821 365 car.
844 296 890 366 ro
1144 299 1212 383 eoo

116 479 193 555 inin
221 485 278 547 oet
303 478 475 569 pugnandi
504 481 629 553 tactus.
696 485 752 552 26.
788 483 910 551 Omnia
941 481 1071 572 experti
1102 482 1208 567 Galli,

116 567 205 655 qnod
225 589 283 633 ree
307 569 401 633 nulla
420 577 643 646 succenseret,
665 580 802 656 postero
825 573 880 639 die
902 571 1079 653 consilium
1104 594 1203 658 cepe-

115 665 194 731 rnnt
211 677 254 723 ex
273 653 398 742 oppido
421 658 611 743 profugere,
634 656 792 745 bortante
810 668 845 725 et
864 659 1000 735 iubente
1014 658 1201 747 Vercinge-
1249 714 1258 729 ,

115 747 236 829 torige.
280 742 321 809 td
344 743 481 811 silentio
497 747 612 829 ,noetis
631 751 744 813 conati
760 769 826 814 non
844 769 963 832 magna
978 748 1108 819 iactura
1123 770 1201 815 eno·
1223 754 1244 812 2

113 855 187 905 nrm
220 849 296 898 eene
325 828 505 909 effecturos
532 832 749 920 sperabant..
772 844 952 922 propterea
979 836 1071 923 quod
1094 856 1202 923 nequo

113 923 213 1008 longe
235 918 279 989 ab
299 918 427 1012 oppido
451 927 564 987 caetra
586 920 874 1008 Vercingetorigis
899 924 1061 1003 oberant.
1086 931 1122 989 et
1142 945 1202 1011 pa·

111 1010 179 1089 lue,
202 1027 291 1094 qnae
311 1014 476 1095 perpetua
495 1006 744 1088 intercedebat,
766 1010 936 1087 Romanoe
958 1009 1001 1077 ad
1024 1012 1202 1095 insequen-

112 1095 191 1167 tum
220 1091 392 1165 tardabat.
435 1093 574 1183 lamque
603 1097 685 1162 baec
717 1098 829 1166 facere
854 1106 957 1165 noctu
978 1099 1242 1187 apparabant,8

133 1286 218 1351 ,ptimo
233 1277 430 1350 ἡττηθέντων)
448 1286 517 1349 quod
535 1299 593 1336 rem
611 1299 706 1349 parum
724 1287 833 1354 dignam
850 1287 980 1339 memorie
1000 1290 1116 1339 reddens
1134 1300 1199 1351 pro-

144 1356 205 1407 bari
224 1365 278 1403 non
299 1357 388 1416 potest
395 1387 405 1420 ,
439 1355 539 1423 corrigi
556 1357 689 1407 facillime
706 1356 760 1424 ita,
791 1360 822 1408 nt
838 1358 865 1408 in
885 1358 1022 1408 ctacconii
1041 1358 1109 1408 libro
1127 1362 1155 1408 et
1172 1357 1201 1408 in

142 1424 209 1476 Par.
226 1424 256 1472 B.
274 1424 376 1472 tactum
397 1421 505 1491 dicitnr,
524 1427 623 1493 potest,
642 1440 702 1476 cum
720 1435 748 1475 et
767 1424 793 1492 5,
811 1424 848 1478 43
865 1425 891 1487 S.
909 1428 928 1478 7
944 1426 1076 1491 huiusque
1092 1426 1155 1477 iibri
1172 1439 1196 1476 c.

142 1498 180 1545 22
200 1493 226 1556 §.
246 1495 308 1543 aet
325 1495 359 1542 ³6
379 1490 405 1551 S.
425 1492 441 1542 5
460 1507 498 1544 em
516 1495 593 1545 omni
610 1499 699 1561 porte
717 1500 839 1562 certum,
863 1507 891 1548 et
910 1495 978 1546 aiibi
986 1509 1042 1562 ,e
1063 1509 1087 1545 c.
1105 1498 1138 1560 5,
1163 1495 1201 1545 40

141 1560 170 1625 ς.
188 1566 222 1622 2,
247 1574 287 1623 ιω
304 1572 323 1613 a
340 1562 462 1612 librariis
480 1561 508 1613 in
525 1575 560 1612 ea
578 1568 711 1615 mutatum
730 1566 775 1614 sic.
810 1567 864 1616 sed
881 1567 953 1617 maie
977 1564 1108 1616 inculcati
1135 1577 1200 1627 pro·

141 1630 259 1685 nominis
276 1631 303 1680 in
320 1637 433 1693 utroque
449 1645 551 1694 genere
569 1634 691 1685 codicum
712 1636 837 1696 exemplo
854 1646 907 1685 non
926 1646 991 1685 rara
1012 1638 1091 1698 aunt,
1122 1635 1200 1682 reiut
1310 1666 1316 1675 .

122 1696 609 1768 'et1,4zs.cec7‚cts.t‚
633 1706 719 1769 ec7,
746 1703 958 1768 ²8S.5et8‚
985 1700 1243 1769 29§.det55¹

142 1771 171 1831 s.
191 1774 227 1836 2,
246 1774 297 1830 ono
315 1770 376 1819 ioco
395 1770 464 1819 (ind.
482 1772 515 1819 de
532 1772 718 1833 Bongaraiano
735 1774 954 1835 quemadmodum
973 1775 998 1822 h.
1017 1775 1036 1823 Ι.
1056 1773 1098 1837 ΡΙ.
1116 1779 1198 1822 tacet.

141 1842 240 1901 itaque
256 1838 400 1889 lectionem
418 1841 489 1891 band
507 1841 588 1899 dubie
609 1842 704 1892 bonam
724 1842 776 1899 (ci.
796 1841 823 1907 5,
843 1842 877 1892 15
897 1841 924 1901 S.
946 1843 976 1901 1)
996 1842 1032 1892 ab
1050 1841 1147 1905 iisdem
1162 1838 1198 1888 li-

142 1910 232 2031 trie,1¹
246 1921 292 2026 qidd
314 1909 397 1990 panio
422 1917 487 1959 ante
511 1909 625 1960 meliora
643 1913 784 1976 dederunt,
803 1911 921 1961 oblatam
936 1925 999 1967 ¹cnm
1019 1911 1089 1975 Qud.
1106 1912 1201 1967 tenere

142 1992 196 2037 pon
234 1989 347 2025 oravi.

179 2046 335 2105 commotio]
370 2047 451 2109 Bong.
478 2049 511 2096 Δ.
539 2047 605 2102 Par.
632 2042 666 2097 A.
690 2048 771 2098 Vrat.
798 2045 876 2098 ABG.
902 2049 983 2099 Goth.
1002 2047 1031 2099 b.
1056 2047 1117 2100 edd.
1136 2054 1202 2096 ente

142 2118 175 2167 P.
200 2118 275 2175 bien.
302 2114 386 2165 Frcii.
414 2116 493 2175 Torr.
516 2128 569 2171 non
593 2116 682 2166 roim.
705 2112 751 2189 (In
769 2118 839 2169 Ven.
864 2118 891 2168 d.
908 2116 1009 2168 excidit
1028 2130 1057 2166 u.
1077 2111 1216 2167 aninotio'

141 2186 242 2239 flemb.
259 2184 377 2234 semotis
393 2184 440 2234 Dr.
462 2186 510 2242 Δ.)

178 2251 250 2314 Cep.
267 2256 311 2306 26.
330 2254 358 2315 S.
375 2256 391 2302 2
411 2254 573 2313 sperabant]
597 2250 740 2315 potebant
759 2253 828 2305 And.
847 2254 901 2306 ox.
918 2255 992 2308 liar.
1012 2258 1047 2306 A.
1064 2253 1151 2306 vind.¹
1167 2256 1201 2303 Δ.

141 2329 172 2377 et
191 2325 306 2386 vulgata
322 2335 372 2384 pro
390 2322 469 2372 varia
489 2324 606 2372 lectione
624 2323 764 2384 adscripta
780 2325 809 2378 S.

143 2390 1200 2525 ..itti.2333.¹:.5.3¹’t⁰iit“i⁸’.¹izttttttt“t.t⁰b”itti-‘iti'

143 2534 172 2583 in
189 2542 242 2595 quo
260 2542 349 2581 comen
368 2544 422 2596 que
440 2540 575 2593 tamquam
594 2531 749 2581 encliticnm
769 2539 811 2579 eet
827 2533 860 2579 od
875 2533 1027 2595 perpetuo,
1044 2540 1074 2580 ut
1087 2530 1114 2580 in
1130 2531 1202 2581 Ver.

142 2604 186 2653 de.
218 2602 255 2651 ad
279 2602 379 2666 paics,
410 2601 439 2649 in
466 2599 547 2661 vind.
568 2598 597 2650 C.
621 2601 656 2648 ed
675 2603 778 2664 paulos
795 2601 872 2656 (nem
890 2601 929 2647 ite
945 2598 974 2649 in
993 2603 1041 2648 noc
1060 2604 1141 2663 atque
1160 2599 1202 2650 Pi.
1251 2654 1256 2661 ,

143 2676 217 2723 teste
242 2671 323 2720 etiem
351 2670 378 2720 in
401 2671 484 2732 Bong.
503 2671 536 2717 A.
562 2668 771 2728 scriptumest)
797 2668 942 2717 adiectum.
960 2665 1050 2725 (idem
1070 2669 1151 2718 Vind.
1169 2668 1200 2723 C.

144 2752 194 2805 pro
212 2742 358 2802 perpetuo
375 2740 456 2789 habet
473 2740 658 2802 propterea.)
694 2739 865 2801 mogontiae,
883 2750 962 2800 quem
976 2739 1044 2791 0nd.
1059 2736 1203 2803 interpun-

142 2810 236 2865 ctione
253 2809 358 2874 teno1t‚
384 2809 489 2860 certius
508 2820 525 2858 a
542 2809 679 2868 scriptore
698 2816 872 2869 prospectum
890 2815 934 2856 eet
951 2809 1097 2858 verborum
1116 2810 1202 2858 colio-

143 2878 264 2930 cerione.

178 2948 209 3007 S.
231 2954 249 2999 3
273 2943 355 3012 iraec]
388 2946 499 3013 „Bong.
518 2948 552 2996 Α.
576 2946 660 2997 vose.
679 2949 712 2994 Δ.
741 2944 819 2995 Leid.
839 2948 873 2992 Α.
897 2945 966 2993 Lov.
984 2946 1044 2995 Pet.
1062 2944 1101 2996 el.
1120 2940 1203 2994 inc.“

141 3020 219 3069 nott.
238 3017 393 3080 Egm.1'ar.
413 3013 446 3064 Α.
466 3017 536 3068 ilav.
554 3019 587 3063 Α.
605 3015 684 3064 Vrat.
701 3011 735 3065 Α.
752 3016 805 3069 Gn.
824 3014 906 3064 Vind.
923 3011 958 3065 A.
974 3015 1004 3064 id
1022 3015 1093 3064 Ven.
1111 3016 1131 3062 t.
1149 3014 1202 3064 ime

143 3086 245 3148 retinui
270 3087 347 3135 codd.
373 3093 401 3134 et
423 3086 484 3135 edd.
510 3085 580 3147 quod
604 3085 639 3134 od
663 3086 830 3149 praecedens
848 3083 878 3132 id
896 3083 1203 3135 accommodatissimum

144 3160 174 3208 et
191 3158 271 3206 tecto
288 3155 494 3217 comparatione
511 3166 572 3204 com
592 3165 645 3219 eo,
670 3154 741 3217 quod
761 3167 785 3204 c.
802 3152 836 3204 43
853 3152 881 3213 S.
900 3157 917 3204 2
943 3154 1047 3218 legitor
1064 3153 1135 3204 boec
1153 3153 1202 3216 ra·

158 3326 229 3393 cop.
246 3328 292 3376 26.
311 3325 339 3389 8.
358 3331 375 3378 2
393 3324 638 3389 conati—spere·
680 3326 788 3374 structa
799 3324 890 3375 videri
905 3323 996 3377 cretio
1004 3322 1103 3389 possit,
1117 3324 1204 3373 verbo

109 3398 190 3458 bant]
224 3395 304 3457 Quod
322 3396 422 3459 illisni
441 3396 524 3445 noctu
542 3398 639 3446 facere
679 3394 784 3445 concri
796 3395 965 3445 molitionem
979 3392 1203 3459 significarim·

109 3466 325 3532 conatieesent,
342 3466 639 3529 einemngneiaotura
681 3466 734 3516 init
758 3465 800 3514 rei
827 3465 969 3515 cuiusdam
995 3464 1103 3514 mediae
1126 3462 1203 3512 inter

110 3551 176 3588 rese
194 3535 344 3587 effecturos
363 3537 523 3599 sperabant,
541 3536 570 3584 id
589 3547 639 3585 co·
682 3533 795 3585 consilii
824 3536 977 3597 captionem
1010 3536 1039 3595 et
1065 3531 1204 3582 efficiendi

110 3608 176 3663 noti
193 3616 319 3667 operere
336 3607 479 3670 dicuntur,
497 3606 638 3659 translato
681 3603 907 3671 apparationem,
930 3615 1000 3667 quae
1029 3601 1143 3651 diversa
1169 3603 1205 3652 ab

110 3678 146 3741 ab
165 3674 311 3740 effecturis
330 3675 367 3725 nd
384 3676 546 3737 sperantes,
574 3674 639 3736 quia
681 3677 799 3735 utraque
829 3672 908 3734 quani
937 3671 1085 3723 transitum
1116 3670 1205 3723 iaciat

110 3746 304 3810 deterrerent,
323 3745 494 3809 praedicato,
512 3746 639 3807 placent
680 3746 717 3795 ab
740 3757 796 3793 urm
822 3743 857 3793 ad
886 3742 1021 3804 alteram
1052 3739 1206 3792 cuiusmodi

110 3810 143 3883 5,
175 3817 213 3867 89
230 3816 256 3876 S·
275 3812 309 3864 4:
338 3816 414 3866 bono
430 3814 529 3877 adepti
546 3815 639 3864 nicto-
680 3827 727 3867 res
750 3826 839 3875 neque
858 3810 1068 3881 omninoiaciie
1086 3812 1207 3879 cogitari
1309 3850 1315 3857 .

111 3886 190 3939 fiam
214 3885 245 3934 io
267 3888 440 3951 perpetuom
457 3896 488 3933 se
506 3885 573 3950 fore
592 3883 639 3933 ci·
680 3896 771 3943 neque
794 3892 875 3945 quarn
894 3882 942 3947 iili
955 3884 1013 3933 tum
1029 3882 1119 3932 moliti
1139 3881 1207 3944 nint,

110 3960 213 4021 eteros
230 3953 427 4019 confidebomtp
453 3966 533 4016 quem
550 3953 640 4002 iocum
681 3953 737 4004 dici
753 3954 853 4015 potest.
888 3950 1070 4015 certennnm
1090 3950 1206 4005 Heidins

112 4018 255 4087 Wbittioe
271 4025 300 4074 in
319 4022 496 4089 praefatione
513 4022 640 4087 contulit,
683 4024 864 4086 demonstret,
881 4021 935 4073 mit
947 4023 1004 4075 der
1013 4020 1206 4085 Aoofetbrony

111 4096 231 4227 {icidius
248 4095 337 4158 ipsum
355 4095 468 4146 silentio
484 4092 641 4159 praeteriit,
684 4094 735 4145 deo
766 4092 949 4143 Bescbtocseo
976 4090 1115 4157 cmpenen
1145 4089 1206 4139 enci

131 4178 167 4223 oo
180 4167 277 4231 nocuo
288 4174 392 4233 eutem,
402 4169 435 4223 nt
442 4162 565 4231 legitime
572 4175 640 4217 con-
684 4162 742 4231 crof
751 4162 870 4215 diecetbe
882 4162 1002 4215 tranent
1013 4159 1085 4227 can,
1104 4172 1138 4210 ea
1152 4170 1207 4211 non
