2700 4726
154 309 221 378 368
432 302 505 371 DE
532 301 714 371 BELLO
744 301 994 379 subulco
1087 376 1089 381 ,

154 516 360 586 quoversus,
390 514 459 582 qno
481 491 665 584 pabulandi
684 515 786 561 cause
808 493 903 563 adire
923 514 1026 584 posse
1048 491 1241 567 videantur.

110 591 131 653 6
155 587 287 654 Herum
306 584 392 674 ipsis
414 604 526 650 nerum
547 583 677 671 copiam
699 590 890 672 suppetere,
912 580 1015 669 quod,
1039 592 1183 671 ipuerurn
1205 584 1241 650 in

150 675 276 740 finibus
298 672 424 737 bellum
448 678 598 756 geretur,
621 692 735 737 eorum
761 673 881 758 opibus
902 671 1139 738 subleventur:
1167 671 1239 739 Re·

152 784 270 829 manos
301 768 360 825 eut
389 759 537 847 inopium
565 780 630 824 non
659 760 791 825 laturos
818 764 878 825 out
900 780 1020 845 magno
1044 780 1119 824 enm
1146 758 1238 847 peri-

106 850 227 917 ionle
256 849 393 936 longius
423 849 465 914 eb
502 846 627 917 eastris
656 868 893 935 processurum
924 868 1033 936 neque
1059 850 1239 928 interesse,

217 1056 437 1121 quoquoversus]
456 1065 509 1104 en.
529 1049 611 1103 vind.
630 1054 663 1104 F.
682 1065 901 1121 quoqueversus
920 1054 969 1106 Gr.
988 1057 1013 1108 b.
1032 1066 1057 1106 n.
1076 1053 1148 1106 sote
1165 1067 1237 1120 qne-

181 1140 283 1247 goze.
302 1127 408 1246 ἰξῖιέῗθ
426 1118 529 1242 ptuitffl
547 1123 632 1241 {iosos
643 1124 776 1257 pigtiptt.
793 1124 872 1189 Egm.
888 1124 954 1176 Pnr.
969 1126 1002 1177 Δ.
1018 1124 1067 1178 Dr.
1081 1126 1139 1176 AB.
1156 1127 1238 1179 Vtat-

206 1209 328 1249 .em.
381 1205 529 1246 ,encr-
619 1224 625 1237 .
698 1226 752 1245 ..

215 1266 244 1328 S.
269 1267 286 1314 6
308 1277 419 1326 magno·
432 1275 493 1313 enm
517 1259 652 1328 periculo]
684 1262 756 1316 And.
774 1262 826 1313 01.
847 1254 897 1314 Cn.
914 1264 941 1313 S.
960 1261 1037 1314 beid.
1057 1265 1091 1315 Α.
1109 1264 1182 1316 fler.
1201 1265 1236 1316 A.

179 1335 279 1398 (dung.
296 1337 331 1384 A.
347 1333 404 1391 Pl.)
427 1343 492 1381 cum
508 1340 560 1378 em.
578 1363 597 1394 ,‚
605 1331 705 1394 reliqui
713 1329 733 1360 ‘⁶
756 1332 813 1382 Pet.
831 1331 906 1385 Gett.
922 1331 1008 1384 Voss.
1025 1335 1059 1386 A.
1076 1335 1155 1396 ligni.
1172 1335 1237 1390 Per.

179 1409 214 1457 A.
237 1405 286 1454 Dr.
312 1403 370 1456 Ab.
394 1401 473 1450 Vret.
498 1394 576 1450 Asc.
600 1401 681 1455 tietb.
700 1401 731 1450 b.
755 1402 852 1450 Hemb.
869 1402 922 1453 (iu.
946 1402 1027 1453 Vind.
1046 1398 1237 1469 (emortui.

179 1475 240 1525 edd.
256 1474 320 1524 ente
345 1471 408 1522 nid.
428 1471 467 1518 St.
487 1469 535 1519 Gr.
555 1469 581 1517 b.
601 1469 688 1520 tereus
701 1474 828 1534 „contra
847 1472 1005 1533 perpetuum
1023 1473 1085 1522 iere
1102 1472 1236 1527 Cameris

177 1538 311 1595 morem.“
345 1537 459 1591 scilicet
478 1540 651 1588 unctantem
670 1540 734 1589 belii
753 1538 826 1590 (inii.
844 1541 905 1591 ioce
924 1540 950 1605 5,
968 1543 1003 1590 29
1015 1540 1041 1603 8.
1055 1543 1073 1591 6
1089 1541 1157 1595 0ud.
1175 1544 1236 1597 siue

177 1609 379 1676 praepositione
398 1611 537 1670 vulgatum
557 1607 670 1657 videbat
685 1610 766 1659 onae
783 1608 916 1672 periendo
933 1610 988 1666 (cd
1003 1611 1174 1675 proximam
1189 1616 1233 1665 le·

178 1683 291 1749 pionem
306 1673 537 1742 perventurae.-
553 1675 660 1740 reiiqui,
680 1689 792 1742 quornm
810 1679 869 1740 ipse
886 1682 945 1729 tres
963 1679 1151 1747 significavit,
1169 1678 1248 1739 cnm·

176 1748 408 1815 praepositionem
426 1747 546 1797 additum
561 1745 670 1796 hebent.
705 1750 880 1799 §nutantem
898 1747 940 1799 bi:
959 1753 985 1815 1,
1001 1750 1037 1800 10
1052 1747 1078 1810 8.
1097 1751 1123 1801 2.
1141 1748 1189 1821 tr,
1206 1759 1234 1807 3.

178 1824 205 1884 3,
226 1822 240 1870 1
261 1819 288 1881 S.
306 1824 332 1871 2.
357 1813 386 1883 t,
403 1817 439 1868 28
457 1815 484 1875 S.
502 1819 528 1866 2.
552 1813 587 1880 5,
606 1818 640 1865 16
658 1814 685 1876 S.
703 1819 730 1869 2.
749 1817 793 1883 19,
812 1821 828 1866 2
845 1830 949 1884 mcpno
966 1820 1234 1892 comperientes,

179 1890 215 1942 50
233 1888 422 1951 §.attinere
437 1897 503 1937 cnm
519 1896 547 1947 p·
566 1884 591 1946 1,
612 1886 646 1936 17
664 1884 690 1945 S.
705 1888 732 1935 6.
750 1884 776 1952 5,
792 1882 830 1937 47
847 1886 875 1947 s.
892 1887 919 1938 4.
938 1888 984 1951 52,
1001 1893 1019 1938 e
1039 1894 1151 1953 quanto
1168 1905 1235 1946 enm

175 1971 206 2024 p,
240 1961 330 2021 Atque
342 1956 430 2023 'etism
447 1955 474 2019 5,
491 1955 526 2003 29
540 1952 566 2015 §.
582 1955 758 2005 bsecnndum
772 1956 881 2006 codices
891 1958 920 2006 et
930 1958 990 2012 edd.
1005 1961 1115 2020 praeter
1128 1963 1233 2014 Grser.

176 2031 207 2080 et
232 2030 300 2082 ond.
325 2037 419 2078 omnes
443 2024 522 2074 nullo
540 2034 606 2073 cnm
622 2037 651 2088 p.
670 2023 842 2075 scribendum
859 2024 921 2077 init.
956 2022 1050 2089 Itaque
1066 2040 1122 2083 non
1140 2031 1233 2082 minus

177 2100 204 2150 b.
230 2101 250 2148 i.
271 2109 350 2160 quem
374 2107 400 2144 c.
420 2096 454 2144 1³
471 2092 500 2153 S.
517 2094 535 2143 3
553 2092 581 2141 in
600 2093 685 2145 rebus
706 2104 801 2144 verum
818 2093 977 2145 exhibuisse
999 2097 1087 2148 nidus
1106 2100 1232 2166 videtur-3

140 2199 144 2205 -
174 2168 337 2233 praesertim
361 2175 421 2213 eum
441 2165 516 2212 sotus
534 2161 613 2210 buius
630 2161 747 2214 nominis
764 2163 903 2214 ebietivus
920 2163 1029 2217 omnino
1048 2167 1104 2218 nisi
1120 2170 1151 2220 in
1168 2183 1233 2221 cer-

176 2239 213 2288 tis
229 2236 388 2302 quibusdem
404 2229 584 2296 dictionibus,
601 2241 631 2282 ut
649 2244 729 2300 mee,
748 2235 809 2298 teto,
825 2245 880 2284 suo
895 2235 1046 2303 periente,
1064 2236 1154 2290 miuus
1172 2232 1233 2295 nisi-

175 2310 250 2359 tatus
268 2313 351 2355 esset.

208 2372 405 2437 processuros]
421 2379 636 2436 propraetores
653 2369 726 2421 iter.
746 2368 853 2422 A.Aid.
872 2370 916 2421 eb.
927 2372 976 2423 Gr.
995 2386 1020 2425 e.
1028 2373 1060 2424 P.
1069 2377 1143 2426 bien.
1151 2378 1233 2430 anr.

174 2445 253 2507 Lips.
273 2456 329 2507 sqq.
348 2439 592 2504 consentientibus,
611 2439 642 2488 nt
660 2440 786 2504 videtur,
802 2439 872 2490 And·
890 2441 941 2493 01.
960 2442 1009 2493 Cu.
1026 2447 1055 2496 S.
1073 2457 1140 2508 ques
1162 2447 1231 2499 oud.

174 2512 272 2577 iniis,
296 2510 343 2575 qui
360 2520 552 2574 processuros
570 2508 704 2574 babeant,
731 2519 799 2570 quos
815 2507 889 2558 inter
905 2518 933 2560 et
950 2513 1027 2566 Leid.
1046 2517 1080 2565 A.
1099 2518 1129 2565 et
1147 2515 1232 2569 Viud.

175 2585 210 2632 A.
232 2586 291 2644 est,
320 2591 373 2629 non
391 2579 503 2629 rettulit.
538 2579 627 2640 Atque
649 2576 676 2626 bi
693 2589 787 2627 onnes
804 2579 950 2636 cnml’an
966 2582 996 2634 B.
1014 2583 1231 2651 editionibnsqne

172 2650 270 2701 iisdem
287 2648 315 2711 5,
332 2647 369 2700 47
386 2648 413 2709 s.
433 2651 446 2698 1
464 2659 518 2697 non
535 2659 568 2698 eo
585 2646 633 2697 die
652 2647 732 2698 milia
749 2659 887 2712 persuum
909 2651 982 2701 XX.
999 2654 1134 2717 procedit
1151 2657 1232 2706 exbi-

173 2721 254 2784 beut,
274 2720 323 2768 ssd
339 2718 545 2785 proprsditcr,
569 2717 639 2781 qnod
657 2717 721 2766 mibi
739 2726 816 2769 mera
833 2718 961 2771 variandi
979 2721 1089 2774 libidine
1106 2723 1135 2774 in
1154 2725 1229 2779 iliius

172 2791 263 2840 locum
287 2788 462 2838 substitutum
486 2786 642 2836 videbatur.
683 2786 804 2836 Eandem
828 2788 873 2838 bic
901 2795 1040 2841 versatam
1064 2805 1129 2843 esse
1146 2808 1180 2846 eo
1199 2797 1230 2848 ot

172 2857 367 2922 verisimilius,
387 2859 457 2921 quod
476 2855 551 2906 leid.
568 2858 603 2906 A.
623 2861 652 2903 et
667 2854 748 2905 Viud.
768 2858 802 2906 A.
824 2860 940 2911 atterum
961 2862 1070 2928 tenent,
1088 2876 1151 2913 cum
1171 2865 1229 2918 iilic

170 2928 287 2979 omnium
306 2928 367 2977 eine
385 2925 493 2989 generis
511 2925 643 2975 librorum
660 2935 810 2976 consensus
822 2941 880 2977 rem
895 2931 984 2993 magis
1000 2931 1109 2983 dubium
1120 2934 1228 2987 reddet·

152 2998 241 3065 ,Nam
259 2995 335 3061 olibi,
353 3004 383 3046 ut
399 2994 428 3060 i,
448 2997 480 3045 11
500 2994 526 3056 S.
544 2991 562 3043 4
577 3005 795 3059 processurum,
811 2995 847 3046 ib.
862 2999 907 3061 32,
925 3001 942 3047 3
958 3003 1160 3070 processisset,
1179 3007 1229 3056 boc

169 3067 284 3118 verbnm
310 3065 439 3117 intectum
466 3063 652 3128 reliquerunt3
683 3066 713 3114 et
735 3066 876 3131 prcqrsdi
900 3077 952 3117 nou
971 3068 1061 3121 miuus
1081 3073 1180 3125 bonum
1198 3082 1228 3125 et

168 3136 284 3190 Caeseti
300 3136 431 3189 usitatum
445 3146 509 3184 esse
526 3135 643 3185 constat.
678 3133 723 3186 ct.
736 3136 765 3201 7,
782 3139 819 3189 73
832 3132 857 3202 §.
873 3138 888 3186 1
907 3138 1019 3191 nostris
1032 3142 1133 3210 copiis,
1151 3157 1227 3212 qnae

132 3310 167 3362 ed
186 3310 309 3359 dextram
327 3307 355 3355 st
367 3300 516 3366 septentrio
553 3316 577 3353 m
590 3315 656 3352 ver·
700 3304 804 3365 veinnt,
822 3303 1008 3360 incendiorum
1024 3308 1130 3364 initium
1145 3326 1164 3366 a
1178 3330 1228 3371 ee·

132 3393 198 3444 sus,
228 3378 295 3429 eliis
316 3377 352 3425 nd
375 3373 516 3423 sinistrum
557 3374 657 3423 undum
700 3376 765 3424 stris
773 3377 953 3429 Romanorum
966 3379 1028 3431 fieri
1040 3380 1144 3449 iubent,
1159 3400 1228 3449 qua.

130 3459 276 3511 omnesque
294 3445 394 3494 circum
408 3444 546 3493 Romanos
563 3445 657 3504 partes
700 3444 725 3493 si
745 3443 782 3494 ibi
800 3447 945 3499 concilium
962 3451 1087 3502 babuerit
1105 3454 1228 3508 Vercin-

128 3517 309 3583 regionesque
339 3514 492 3563 vastandas
520 3510 657 3575 significet
697 3515 814 3577 getorix.
831 3514 873 3567 Gi.
887 3517 948 3571 Giv.
963 3521 990 3586 1,
1006 3523 1042 3571 36
1056 3517 1082 3585 §.
1096 3526 1130 3573 2:
1149 3527 1227 3578 ctas-

129 3600 216 3649 usqne
241 3596 290 3648 eo,
321 3596 378 3649 qno
397 3582 551 3643 pabulandi
568 3594 657 3633 canen
697 3598 757 3637 sem
775 3597 994 3654 quoquoversus
1011 3590 1172 3648 dimittunt.

129 3657 215 3709 edire
237 3667 321 3720 pesse
344 3652 460 3704 Romani
486 3652 655 3719 videantur,
750 3688 777 3757 §p
811 3692 829 3740 6
858 3686 974 3755 Harum]
1006 3688 1157 3741 pponam„
1190 3696 1227 3745 ,p

130 3726 229 3791 quibus
252 3723 346 3776 verbis
372 3721 587 3772 terminationem
611 3719 660 3771 in·
698 3758 806 3822 longius
831 3763 935 3809 remota
957 3758 1008 3808 ip,
1025 3750 1053 3819 §.
1070 3762 1087 3809 2
1104 3769 1227 3830 spem,

129 3796 298 3918 ffidivfflg
306 3792 442 3916 wag}
453 3788 655 3922 mmm}
698 3829 733 3878 ttt
745 3828 929 3891 pabulatione
945 3830 975 3878 et
987 3832 1148 3881 centmeutn
1160 3833 1226 3883 Re-

129 3934 324 4066 itteris?
332 3927 655 4064 ,enituistis
697 3897 1225 4036 tinstitutionibus·

128 4076 239 4136 cilium,
270 4071 315 4134 qui
345 4079 414 4117 vero
441 4071 546 4118 mutent
569 4069 597 4118 in
620 4066 655 4118 cb
748 4068 938 4138 subleventur]
963 4070 1065 4121 Eadem
1083 4081 1152 4120 voce
1170 4084 1224 4124 vo.

129 4145 212 4202 toste
230 4141 277 4190 vei
296 4154 316 4192 c
333 4138 483 4203 Romanis,
501 4138 563 4187 dnm
581 4148 654 4205 otte-
697 4135 792 4202 cisque
810 4138 897 4194 terme
914 4141 997 4204 penio
1014 4146 1078 4192 ante
1097 4141 1124 4210 §.
1143 4143 1161 4192 3
1179 4144 1224 4193 est

130 4222 291 4279 queoersus
323 4207 432 4271 proprie
461 4205 562 4257 dictum
590 4217 654 4258 esse
696 4218 772 4258 nens.
1157 4208 1161 4213 ·
