2700 4726
205 323 273 392 534
466 313 538 381 nn
564 311 750 381 nonno
780 279 1039 385 unnnrco'

208 509 281 574 cies
316 503 510 659 pollice&
583 502 652 606 65..
679 502 737 568 Al
769 500 831 568 hos
868 523 993 606 omnes·
1019 514 1118 607 cuens
1153 501 1290 590 provise

124 656 129 667 .
207 600 305 662 erent
329 613 428 680 precs
521 589 709 675 cohortium
735 588 875 656 duonum
897 601 932 655 et
960 590 1103 672 viginti,
1132 604 1292 674 queens

207 684 283 772 ipse
306 686 421 746 coacte
444 676 616 768 provincie
639 678 680 743 ab
695 675 801 744 Lucio
815 677 962 746 Caesare
983 679 1097 762 legate
1113 675 1156 742 ed
1174 694 1292 743 omnes

171 930 173 935 ¹
279 869 347 932 cup.
369 867 413 918 65.
437 867 464 929 s.
482 870 496 918 1
519 865 628 930 viginti]
653 867 720 920 XX
736 869 821 918 Voss.
840 871 872 922 A.
897 869 970 918 (host.
992 867 1075 920 liahr.
1096 867 1180 929 hung.
1197 867 1230 916 Α.
1253 866 1295 919 ΡΙ.

242 942 317 991 fluv.
340 936 372 987 Α.
403 938 451 988 lir.
471 939 505 987 A.
533 936 614 986 Vrec.
638 937 691 988 lic.
716 937 795 988 Goth.
818 939 848 992 li.
876 937 957 989 vinu.
977 937 1009 989 li.
1042 936 1086 988 cl.
1111 937 1172 988 sin.
1192 948 1235 987 cr.
1258 938 1295 989 sil

243 1007 391 1070 aas&
1293 1033 1296 1037 -

278 1075 325 1142 ex]
343 1076 377 1126 uo
394 1073 477 1124 Vino.
497 1070 530 1122 Α.
548 1083 600 1123 om.
619 1072 715 1123 Hamil.

279 1154 376 1196 coacte
392 1143 546 1206 provincie]
565 1158 592 1206 p.
611 1154 636 1192 c.
656 1141 736 1191 Vini.
754 1142 787 1190 A.
812 1143 930 1192 coactae
943 1140 978 1191 P.
994 1137 1037 1190 Ol.
1071 1135 1146 1190 inem
1163 1128 1246 1193 maile
1263 1152 1296 1190 se

245 1215 313 1264 «licit
334 1214 419 1277 ouri,
446 1212 492 1275 qui
517 1222 544 1260 eo
569 1213 629 1272 ipse
653 1210 680 1260 iu
705 1211 780 1259 eu.2
804 1222 864 1260 cum
880 1211 944 1263 eliis
960 1209 986 1260 P
1003 1209 1180 1259 maiusculum
1197 1209 1298 1271 posuit.

246 1285 349 1334 coacte
366 1293 416 1332 om.
437 1281 538 1348 „lissi
559 1275 638 1332 le.
657 1287 685 1327 ec
706 1280 771 1327 hun.
792 1293 835 1341 pp.
853 1276 962 1329 mele.“
990 1280 1074 1329 voss.
1093 1280 1126 1327 A.
1144 1279 1204 1328 Pet.
1224 1279 1298 1328 Gott.

245 1355 322 1416 Egm.
351 1353 420 1401 Lov.
450 1351 517 1399 th.
542 1351 601 1399 con.
626 1351 704 1400 Ture.
731 1347 814 1398 coni.
840 1349 903 1398 Per.
923 1349 957 1397 Α.
986 1348 1034 1399 Dr.
1058 1348 1088 1397 Β.
1113 1348 1193 1399 Vtut.
1219 1345 1298 1398 ABG.

246 1422 326 1472 Goth.
346 1420 401 1469 ΑΒ.
426 1419 522 1470 nemo.
541 1419 592 1468 Gn.
610 1416 693 1466 Vini.
713 1417 784 1467 hill.
809 1418 869 1467 edd.
897 1421 960 1466 ente
981 1417 1042 1466 sin.
1078 1415 1108 1464 lu
1125 1415 1246 1483 ferrem,
1273 1415 1299 1464 si

248 1503 322 1555 quae
341 1500 485 1550 pronomen
505 1495 565 1549 post
582 1485 734 1549 provincio
759 1487 876 1547 positum
893 1488 983 1536 osset:
1007 1498 1047 1538 eu
1063 1485 1128 1549 ipsu
1144 1483 1301 1548 provincio

248 1558 353 1623 epponi
370 1569 456 1619 neque
472 1555 624 1619 praesidia
636 1567 724 1617 neque
740 1567 809 1616 ques
824 1554 1021 1620 Nipperueius,
1039 1555 1085 1616 qui
1101 1558 1204 1606 coactu
1217 1553 1300 1605 omin-

150 1668 153 1677 .
209 1687 212 1694 ,
248 1629 299 1692 tit,
326 1625 550 1687 (insesso-121
574 1625 661 1673 dictus
681 1632 758 1685 putet
778 1624 913 1675 cohorter
931 1624 984 1673 dici
1002 1624 1157 1674 accesere
1176 1623 1300 1686 notuisse

249 1697 376 1746 arbitror·
411 1695 560 1745 Praeterea
577 1692 745 1744 incommode
762 1702 790 1744 et
813 1693 924 1765 insolitu
942 1692 1057 1744 caesari
1075 1691 1168 1743 existit
1185 1693 1300 1757 generis

248 1767 275 1815 ln
295 1763 449 1828 pronomine
468 1760 639 1828 ambiguitas.

270 1918 336 1980 cip.
353 1915 399 1969 65·
422 1914 450 1978 S.
468 1923 482 1971 1
500 1916 651 1980 praesidia]
669 1917 739 1968 i’ro·
780 1920 858 1968 derat
875 1917 971 1983 Nion,
996 1914 1195 1982 caesaremque
1213 1915 1301 1982 signi-

216 1987 304 2055 prinm
321 1990 349 2036 et
365 1988 482 2037 maxime
501 1987 629 2039 usitatam
647 1999 737 2050 proe-
780 1986 858 2037 iiceri
876 1985 953 2037 initio
976 1987 1054 2037 huius
1078 1987 1142 2036 unni
1165 1988 1200 2038 eu
1221 1991 1302 2039 tuen-

217 2059 358 2109 uictorum
387 2057 610 2120 significationem
640 2061 737 2106 tenens
780 2058 842 2107 uum
866 2056 1035 2118 provinciam
1060 2055 1100 2105 ihi
1120 2067 1173 2106 non
1198 2056 1303 2108 auxilie

215 2129 347 2180 sincerus
362 2127 447 2176 vertit
466 2127 522 2192 itui
534 2128 580 2181 uile
597 2124 658 2190 bille
671 2125 738 2194 {iilic
780 2127 911 2188 cogenda,
928 2126 977 2175 sed
988 2124 1110 2189 legiones
1126 2127 1302 2177 conscriben-

216 2198 286 2267 hette
301 2208 361 2249 men
379 2194 448 2260 [dion
465 2195 517 2250 ciue
531 2190 667 2262 &inlicitus
685 2206 737 2248 net:
780 2196 831 2244 des
856 2207 988 2259 curasse,
1010 2207 1122 2256 querum
1145 2197 1215 2244 uuae
1235 2207 1302 2245 cun-

216 2263 332 2332 solicitet
342 2275 398 2316 oon.
416 2267 515 2315 'lamen
528 2265 567 2314 od
580 2264 630 2312 hoe
641 2276 737 2314 onrnee
781 2263 890 2325 fectae,
908 2262 990 2314 tercie
1004 2263 1131 2314 inchoate
1144 2266 1220 2313 esset
1236 2273 1301 2328 tum,

215 2347 302 2387 cesus
316 2332 438 2395 provisu
453 2334 667 2395 eeqne‘nondurn
686 2345 735 2393 op·
780 2345 842 2382 curn
874 2331 991 2396 impetus
1022 2332 1127 2381 fierent.
1179 2331 1302 2384 Gravius

217 2403 324 2468 posite,
342 2402 390 2450 sed
405 2405 542 2463 quaecum
555 2402 672 2451 maxime
686 2412 737 2462 op·
780 2402 899 2453 alterum
923 2403 982 2463 est,
1010 2403 1080 2463 quod
1098 2404 1193 2452 herum
1212 2401 1301 2466 legio-

216 2471 390 2534 ponerentur,
401 2469 549 2530 praecidio
559 2469 736 2530 couinsipses
779 2483 843 2520 num
876 2472 979 2520 nullum
1009 2470 1125 2532 emplius
1155 2471 1302 2536 vestigium

217 2537 394 2597 interpretari
409 2537 736 2596 praestatoreesiclioiu-
781 2538 917 2604 occurrit,
948 2551 1035 2603 neque
1060 2550 1112 2601 quo
1136 2552 1249 2590 numero
1274 2542 1303 2591 ei

219 2611 317 2670 turus,
360 2603 650 2672 &mutmennldyoftem
686 2616 738 2669 quo
781 2608 1026 2670 nominemini,
1045 2608 1099 2658 (lici
1117 2611 1223 2675 potest,
1242 2623 1304 2661 cnm

219 2686 304 2729 seusu
329 2674 435 2724 Hirtius
461 2676 540 2724 Alex.
571 2689 596 2724 c.
616 2676 649 2725 25
674 2673 737 2734 §.1
782 2679 906 2726 cohortes
941 2677 1089 2727 auxiliares
1123 2679 1158 2728 ed
1195 2682 1304 2742 tempus

218 2756 324 2809 meque
339 2742 457 2794 Caesari
472 2742 621 2803 praesidio
638 2748 738 2795 terre·
782 2753 893 2796 coactas
910 2746 1019 2797 minime
1037 2746 1184 2798 mirandum
1199 2749 1305 2800 sitnon

219 2814 279 2866 etri
293 2812 401 2864 itinere
418 2811 525 2862 adduci
542 2812 647 2877 scrinio,
668 2812 740 2864 cue·
781 2815 900 2875 emplius
932 2815 1144 2867 commemorari.
1186 2815 1305 2868 Accedit

219 2896 268 2934 sur
285 2882 345 2932 iere
364 2881 497 2944 singulari
514 2893 627 2931 numero
645 2883 739 2946 utitur,
782 2885 867 2947 illud,
894 2896 945 2946 quo
969 2891 1059 2935 temen
1078 2885 1156 2948 Nipp.
1183 2885 1226 2935 uti
1249 2898 1305 2937 nen

219 2954 251 3004 ut
278 2953 311 3017 1,
333 2948 367 2999 42
391 2950 420 3011 s.
443 2948 475 3000 5:
504 2951 539 3000 ot
560 2951 740 3014 praesidium
782 2953 885 3016 potuit,
904 2954 973 3016 quon
991 2954 1085 3004 herum
1098 2955 1240 3017 praesidia
1256 2969 1306 3006 co-

220 3033 307 3087 quum
323 3017 525 3071 amicissimum
542 3018 670 3071 luceret.
781 3021 897 3071 hortium
914 3033 948 3070 ex
964 3023 1026 3082 ipsa
1042 3022 1184 3085 provincie
1201 3029 1306 3076 coactu

273 3087 421 3138 cohortium
447 3089 560 3137 duarum
580 3093 608 3137 et
630 3086 741 3154 viginti]
782 3083 924 3155 dicuntur,
953 3093 1023 3152 quod
1047 3093 1161 3143 verbum
1192 3095 1305 3145 auxiliis

220 3156 343 3212 Genitivi
361 3155 432 3206 ratio
447 3158 540 3205 eadem
559 3161 695 3219 essetque
712 3159 739 3219 6,
782 3157 927 3222 convenit,
958 3170 976 3209 e
1000 3160 1153 3222 legionibus
1183 3163 1306 3215 alienum

219 3226 288 3292 ⁷82
297 3231 313 3276 3
333 3225 362 3275 in
380 3226 474 3274 veriris
490 3226 637 3289 praesidio
655 3224 740 3289 cuin·
783 3237 835 3280 est.
871 3227 967 3290 lisque
992 3231 1129 3290 probanda
1145 3230 1197 3284 iile
1217 3233 1306 3284 inier-

205 3287 275 3360 ⁸qne
289 3294 453 3345 cohortium
464 3294 673 3357 incpedinlentio
687 3307 738 3346 re·
780 3295 898 3360 pretorio
917 3295 1036 3354 viceour.

219 3367 297 3418 licto.
315 3365 465 3414 ·Cohortes
487 3364 563 3424 ipsas
587 3364 739 3426 Nipperde-
834 3366 869 3414 ad
892 3376 985 3414 omnes
1009 3373 1104 3426 perles
1128 3369 1304 3429 opponeban-

143 3456 148 3466 “
219 3436 263 3486 ins
287 3449 313 3494 li·
331 3432 383 3483 121
407 3443 461 3481 non
480 3433 665 3495 legionarius,
689 3434 739 3482 sed
781 3436 839 3492 tur]
856 3428 897 3482 liu
916 3433 1060 3485 dictionem
1078 3437 1115 3485 ci.
1133 3437 1197 3486 Liv.
1218 3442 1246 3505 3,
1269 3441 1303 3490 39

219 3503 370 3556 auxiliares
403 3499 602 3562 interpretatur
634 3503 738 3551 insons
780 3503 807 3564 §.
825 3506 856 3551 2:
873 3515 962 3566 curret·
979 3516 1065 3569 quum
1085 3509 1213 3567 (navem)
1233 3510 1302 3558 tur-

219 3575 254 3624 rle
271 3566 380 3635 censis,
397 3565 466 3632 quen
482 3570 615 3632 legionum
629 3570 656 3619 in
670 3571 738 3619 Gal·
782 3572 841 3621 rim
860 3571 992 3637 effectam
1014 3575 1054 3624 ud
1076 3575 1169 3638 ipsum
1191 3576 1302 3629 introi-

220 3642 258 3691 lia
282 3641 410 3709 ulteriore
428 3639 642 3702 conscripturum
660 3652 737 3690 mon·
780 3638 843 3691 nim
857 3645 964 3704 portus
979 3645 1120 3707 opposuit.
1147 3645 1211 3695 Afr.
1230 3646 1302 3702 ciss

219 3710 258 3759 tio
275 3721 407 3771 nusquam
428 3711 533 3771 exstet,
554 3711 582 3758 et
598 3711 668 3770 quod
686 3721 737 3757 nu-
780 3710 807 3771 s.
825 3707 857 3758 4:
891 3711 982 3762 eidem
1011 3715 1109 3762 autem
1133 3715 1235 3780 oppido
1264 3716 1302 3766 ed

218 3790 310 3827 meros
344 3776 496 3839 legionum]
532 3787 599 3837 ones
634 3777 737 3826 caesar·
780 3781 920 3830 electrum
946 3783 1025 3832 latus
1052 3781 1115 3832 eius
1139 3782 1301 3843 (Gesseris)

219 3847 328 3896 omnino
345 3847 373 3893 in
392 3846 461 3896 hello
476 3844 584 3894 Gallico
602 3845 736 3907 hahuerit,
780 3860 873 3898 cornu
896 3851 964 3900 erat
982 3850 1152 3915 oppositum.
1187 3853 1228 3903 lh.
1255 3854 1301 3920 59,

218 3918 347 3964 certuset
360 3915 384 3961 is
398 3914 444 3975 sit,
460 3913 504 3976 qul
515 3914 628 3964 duarum
640 3915 736 3963 trium·
779 3917 813 3968 5:
848 3914 1009 3969 Praetereo
1038 3919 1242 3971 Numidas-
1262 3921 1301 3976 ati

217 3996 253 4031 ve
267 3983 453 4032 accessionem
469 3993 522 4030 non
540 3983 621 4032 ieret.
649 3982 735 4032 Priori
779 3987 917 4038 dextrum
933 3991 1052 4052 purtem
1069 4002 1139 4042 suae
1155 3992 1229 4042 aciei
1248 4005 1300 4056 ep·

215 4065 268 4101 non
292 4052 402 4101 multum
425 4050 593 4102 tribuendum
617 4051 734 4117 videtur,
777 4059 925 4119 posuerat.
960 4057 1061 4107 Partes
1085 4069 1175 4109 eutem
1201 4073 1300 4115 omnes

215 4119 345 4184 siquidem
374 4119 458 4169 statui
483 4122 575 4180 potsse
600 4122 649 4169 hnc
674 4121 734 4182 ipso
777 4137 827 4174 ese
843 4124 1036 4189 intelligendae
1050 4137 1121 4191 sunt,
1135 4142 1301 4192 queeprae·

213 4190 275 4243 loco
293 4188 354 4239 ieri
371 4188 544 4252 mentionem,
562 4201 641 4253 quen
658 4189 733 4240 nesi·
776 4192 855 4243 siliis
872 4206 953 4258 egere
971 4197 1062 4261 iegato
1081 4197 1249 4253 viderentur.
