2700 4726
121 296 127 307 ‘
181 294 250 361 428
459 291 531 359 DE
558 290 739 361 tutto
770 291 1021 363 cretico

182 486 308 570 quante
335 477 376 547 en
400 480 666 549 dissensionibus
691 481 898 549 incommoda
926 484 1009 549 oriri
1031 491 1286 563 consuessent„

181 593 223 636 ue
244 575 338 637 teuta
360 575 396 635 et
417 577 486 636 tem
507 570 681 637 coniuncte
705 573 829 656 populo
846 570 995 637 Romano
1010 572 1139 652 civitas,
1163 593 1264 657 quem

181 660 256 747 ipsc
275 678 408 742 semper
428 658 571 722 eluisset
591 656 809 743 omnibusque
831 659 931 725 rebus
953 666 1120 738 ornasset,
1139 658 1182 723 ad
1196 661 1264 725 rint

67 808 75 817 ‚
182 754 283 832 etque
305 766 398 810 arms
418 742 647 823 descenderet,
669 752 771 830 etque
793 767 832 815 eo
850 767 943 832 pers,
966 767 1052 832 quoe
1068 747 1277 815 minusnibi-

137 838 159 900 2
183 831 381 910 confideret,
404 833 528 898 auxilia
550 853 569 896 a
589 829 864 917 Vercingetorige
889 834 1093 912 arcesseret,
1117 834 1194 898 huic
1213 835 1264 900 rei

179 917 457 1006 praevertendum
485 918 689 985 existimavit
717 926 752 984 et
779 920 869 1006 quod
888 921 1022 1007 legibus
1043 920 1262 986 Haeduorum

177 1009 251 1087 his,
273 1008 332 1093 qui
356 1029 521 1073 summum
547 1006 781 1090 magistratum
807 1007 1015 1087 obtinerent,
1039 1008 1199 1073 excedere
1214 1026 1263 1074 'ex

176 1095 300 1177 finibus
319 1116 385 1161 non
404 1097 534 1177 liceret,
553 1116 595 1160 ne
617 1093 698 1181 quid
720 1094 763 1159 de
776 1094 851 1161 iure
868 1108 927 1161 aut
939 1095 981 1163 de
996 1097 1128 1181 legibus
1144 1118 1261 1169 eorum

245 1271 539 1340 scquecrma1atqoe
557 1271 597 1322 eci
610 1280 697 1322 ormo
714 1271 784 1322 Veu.
801 1271 878 1326 bede.
897 1274 958 1323 Aid.
976 1276 1019 1324 ob.
1036 1274 1085 1326 Gr.
1102 1286 1128 1325 s.
1147 1275 1260 1325 Eidem

212 1342 290 1394 Turn.
314 1344 392 1406 Lips.
414 1357 472 1407 sqq.
489 1341 573 1392 etiem
591 1342 661 1392 oud.
679 1340 725 1402 qui
742 1343 967 1403 praepositionem
987 1354 1005 1393 s
1026 1344 1102 1392 codd.
1121 1346 1260 1406 plerisque

209 1414 309 1462 ecesse
326 1414 443 1462 testatus
461 1413 570 1476 temen,
595 1410 666 1474 quoti
683 1409 788 1460 caesor
805 1421 931 1471 repetere
946 1423 1007 1462 eam
1025 1414 1129 1476 soleat,
1164 1402 1276 1463 tenuic'

209 1483 263 1531 Sed
285 1482 354 1531 idem
381 1483 461 1543 peuio
484 1488 548 1530 ente
570 1492 591 1530 a
613 1478 683 1528 betto
701 1482 789 1544 atque
806 1481 845 1529 at
863 1481 944 1530 hoste
964 1492 982 1529 c
999 1479 1086 1531 Vasc.
1104 1482 1142 1531 st.
1163 1484 1211 1530 (ir.
1232 1483 1258 1531 ir.

207 1552 326 1603 obtutum
345 1562 395 1600 nou
414 1549 534 1614 recepit,
552 1560 640 1609 nepue
657 1560 726 1614 ego,
746 1560 903 1609 quemquem
922 1551 971 1598 Dr.
989 1551 1018 1597 Β.
1037 1551 1117 1601 Vind-
1136 1551 1168 1599 F.
1186 1552 1258 1601 idem

208 1619 352 1680 exhibent,
378 1619 561 1680 recipiendum
580 1619 684 1678 putavi.
720 1619 780 1668 Non
795 1619 883 1682 tnagis
903 1631 971 1668 vero
988 1619 1027 1670 ed
1042 1608 1137 1671 Queri
1154 1620 1256 1686 debuit,

179 1710 187 1719 ··
207 1688 322 1752 quodie
343 1688 418 1737 nulio
436 1687 528 1738 codice
546 1687 682 1746 repertum
701 1695 753 1737 est.

239 1758 429 1818 descenderet]
461 1756 529 1805 And.
546 1755 598 1805 01.
626 1752 675 1805 Cu.
699 1757 727 1804 S·
750 1755 809 1806 Pet.
829 1759 891 1807 Urs.
904 1750 955 1816 ,tii
980 1755 1057 1808 heiti.
1078 1759 1111 1806 A.
1129 1761 1200 1808 iiuv.
1222 1762 1253 1810 A.

205 1824 287 1874 Vinci.
306 1825 339 1872 A.
368 1827 429 1874 Aid.
451 1837 510 1887 sqq.
546 1824 579 1874 in
601 1823 715 1887 reliquis
738 1827 814 1876 codd.
842 1825 915 1876 etin
934 1829 993 1876 edd.
1013 1830 1077 1877 cute
1096 1830 1194 1879 Altum
1212 1833 1255 1877 est

204 1894 375 1956 discederet,
394 1906 429 1942 ex
446 1905 498 1956 quc
516 1891 630 1953 exprimi
649 1904 747 1942 seusus
766 1908 819 1945 non
836 1895 945 1956 ineptus
966 1900 1083 1958 poterat.

238 1963 292 2013 sibi
318 1959 481 2027 confideret]
511 1961 579 2011 Ano.
605 1962 656 2010 ox.
683 1961 732 2011 Cu.
757 1965 784 2014 S.
808 1965 887 2013 Leid.
907 1967 940 2013 A.
965 1967 1036 2015 iiev.
1061 1967 1097 2012 A.
1117 1964 1199 2012 Vinci.
1219 1967 1252 2013 A.

202 2031 252 2084 Dr.
272 2034 303 2080 B.
324 2036 361 2096 et,
379 2033 404 2082 si
421 2031 565 2081 Piuschkii
582 2032 611 2079 et
629 2030 714 2080 Febr.
732 2032 844 2083 silentio
864 2033 939 2086 tides,
953 2035 1093 2096 habende,
1114 2035 1198 2096 Bong.
1218 2038 1251 2082 A.

203 2104 233 2153 et
248 2103 327 2165 Egm.
348 2116 408 2152 cum
426 2102 487 2152 Aid.
509 2103 538 2150 et
555 2112 615 2161 sqq.
650 2100 777 2162 Reliquis
800 2106 879 2152 deest
897 2104 964 2165 siti,
998 2105 1070 2163 quod
1089 2116 1144 2152 uon
1162 2103 1253 2152 mitius

201 2172 361 2239 genuinum,
377 2184 457 2235 quem
474 2169 662 2221 descenderet
678 2170 796 2220 videtur.
832 2171 981 2235 Confidere
995 2172 1100 2221 Caesar
1119 2185 1253 2233 nusquam

201 2241 341 2300 absolute,
358 2240 503 2305 conficere
520 2239 573 2288 siti
589 2238 649 2287 civ.
665 2241 696 2303 ³,
712 2240 732 2289 7
749 2239 776 2299 S.
794 2242 810 2288 2
827 2244 856 2291 et
872 2243 916 2305 10,
933 2241 1044 2308 edixit,
1062 2243 1129 2293 item
1141 2243 1252 2294 Hirtius

200 2311 282 2360 Alex.
303 2308 346 2373 14,
366 2312 381 2358 1
399 2314 428 2360 et
446 2308 567 2368 scriptor
584 2307 651 2356 beili
671 2307 761 2358 Africi
781 2312 824 2373 19,
842 2311 868 2373 §.
888 2315 914 2362 3.

236 2378 409 2446 arcesseret]
429 2380 472 2428 ite
488 2379 547 2427 Pet.
560 2377 643 2426 Febr.
657 2377 742 2428 Confi.
757 2380 834 2440 Egm.
849 2381 929 2430 Febr.
947 2383 1111 2431 arcesseret
1126 2381 1208 2432 vose.
1218 2385 1249 2430 A.

201 2449 278 2499 ecte
301 2449 384 2499 Febr.
409 2448 592 2498 accresceret
616 2447 714 2502 liano.
737 2449 899 2498 accersiret
925 2450 1007 2499 vinu.
1025 2453 1060 2499 A.
1084 2453 1251 2501 accerseret

199 2519 283 2570 Vret
300 2519 353 2566 BC.
371 2518 453 2567 (ictu.
469 2519 500 2565 B.
522 2515 604 2564 vind.
624 2515 676 2564 BG.
697 2517 758 2564 edd.
776 2521 841 2566 ante
859 2519 927 2568 ond.
946 2521 1062 2579 excepta
1080 2519 1152 2569 ven.
1168 2522 1194 2581 t.
1211 2523 1250 2586 et,

199 2599 270 2650 quae
290 2590 437 2638 acesceret
456 2589 564 2649 trahent,
584 2585 646 2634 Ber.
658 2585 721 2634 Aid.
741 2587 765 2634 b.
781 2589 935 2640 accederet
948 2589 996 2638 Dr.
1010 2591 1045 2637 A.
1058 2601 1131 2639 corr.
1146 2603 1249 2640 occor-

197 2659 282 2709 reret
300 2656 347 2705 Dr.
367 2659 397 2704 B.
434 2653 477 2706 Cf.
496 2656 558 2705 adn.
577 2665 616 2702 or.
633 2655 669 2703 ed
679 2654 705 2718 5,
727 2656 758 2705 11
777 2655 804 2715 S.
821 2658 847 2704 2.

230 2726 476 2787 praevertendum]
494 2724 723 2789 preroertendum
736 2708 806 2776 iiov.
822 2728 854 2774 A.
868 2723 1114 2788 praeveniendum
1125 2726 1205 2776 Leid.
1215 2729 1246 2780 B.

196 2795 483 2859 praeoccurrendum
507 2794 589 2845 Viud.
616 2792 670 2844 cr.
713 2795 773 2845 linc
794 2798 940 2858 utrumque
965 2807 1001 2847 ex
1016 2795 1248 2858 interpretatione

196 2878 284 2927 eccum
302 2867 376 2914 falsa
394 2859 480 2913 ssirxit.
1194 2894 1200 2907 .

229 2937 255 2996 s.
275 2938 291 2984 2
310 2936 366 2990 iris]
385 2935 441 2982 tito
459 2934 534 2982 Gott.
550 2933 633 2984 Febr.
654 2932 734 2984 Vrat.
752 2931 830 2983 Asc.
849 2933 946 2982 Hamb.
963 2931 999 2982 tis
1019 2933 1079 2982 edd.
1098 2936 1164 2983 ante
1176 2934 1245 2985 oud.

195 3004 320 3066 exceptis
337 3004 408 3054 Veu.
427 3004 486 3053 cde.

229 3064 263 3123 d‘e
283 3074 344 3123 iure
363 3076 412 3122 out
437 3074 470 3121 de
492 3071 611 3134 iegibus]
643 3070 701 3120 luc.
722 3072 795 3121 Ven.
813 3069 834 3118 i.
852 3072 891 3119 st.
909 3070 977 3121 0ud.
995 3070 1144 3121 seeundum
1159 3072 1246 3134 Boug.

194 3145 228 3195 A.
247 3144 331 3194 Voss.
348 3141 427 3193 Aeo.
444 3143 523 3205 Egm.
545 3145 631 3208 „tres
655 3137 763 3191 elios“.
798 3139 933 3200 lteuquee
951 3140 1013 3190 cdd.
1033 3143 1061 3191 et
1079 3144 1137 3190 tres
1157 3140 1243 3193 conti.

208 3280 271 3333 hnic
294 3280 337 3331 rei
359 3278 596 3342 praevertendum]
628 3290 682 3330 uon
775 3279 802 3341 s.
821 3283 906 3329 2ncu
921 3275 1029 3343 liceret]
1046 3275 1247 3329 Coniunctivus

158 3351 386 3416 praeveniendum
412 3350 681 3409 antecrescentem,
724 3361 782 3400 retu
800 3347 888 3398 anirnc
901 3347 1030 3398 Caesaris
1044 3349 1245 3416 obversantem,

157 3423 374 3485 quemadmodum
383 3417 681 3480 Morusputebat,quod
725 3429 804 3480 quam
819 3417 866 3465 iiie
878 3417 906 3466 in
918 3418 1032 3468 ccttsiiio
1040 3417 1171 3479 capiendo
1179 3430 1246 3467 ecn-

157 3499 185 3541 et
197 3490 419 3553 praecedentibus
434 3499 528 3546 parum
541 3487 679 3550 convenit,
721 3488 855 3536 sideraret
883 3491 911 3536 et
932 3487 1102 3549 respiceret,
1134 3487 1247 3541 indicat.

156 3561 254 3622 quihus
272 3560 325 3609 iem
338 3558 548 3608 demonstratum
562 3564 613 3618 est,
634 3557 679 3605 cni
721 3558 764 3606 ct
781 3557 808 3619 1,
827 3555 862 3606 47
880 3558 905 3618 S.
925 3555 957 3606 t:
987 3555 1244 3607 ccrnrrsorttssirnum

156 3631 199 3680 rei
216 3641 361 3681 occurrere
379 3625 483 3676 Caesar
500 3625 633 3686 voluerit,
652 3627 680 3674 et
721 3624 815 3677 visum
841 3628 885 3676 est
910 3625 939 3676 0.
967 3626 1112 3677 Valerium
1130 3625 1244 3675 Prosit-

156 3700 268 3765 propter
291 3697 411 3747 dativum
443 3695 552 3754 proceri
575 3692 678 3756 nequit,
720 3695 961 3758 tcm-quodin
976 3694 1243 3757 eopeccoodt'tier-

155 3767 234 3816 euius
259 3766 319 3831 ioco
343 3764 519 3816 aecusativus
537 3764 677 3825 ponendus
720 3763 813 3813 uronis
830 3777 919 3817 cause
936 3779 993 3814 uon
1012 3766 1102 3823 esset,
1120 3765 1159 3814 od
1177 3778 1244 3816 cusu

155 3844 225 3898 eret,
239 3835 288 3882 sed
302 3835 446 3895 praecipue
459 3836 486 3881 et
498 3832 582 3895 prius,
596 3843 676 3893 qrrem
719 3833 845 3885 mittere.
876 3835 1038 3884 ubi‘visum
1059 3836 1120 3897 est,
1152 3842 1180 3883 ut
1198 3834 1242 3882 hic

155 3903 205 3955 uiii
224 3902 273 3952 eiii
290 3914 397 3962 operem
412 3903 526 3950 dandum
541 3902 675 3950 animum·
717 3903 834 3964 statuit,
854 3905 886 3952 de
906 3916 936 3953 re
954 3904 1073 3963 cogitata
1090 3913 1241 3954 sermonem
1327 3954 1334 3970 ,

155 3985 207 4034 qne
224 3972 432 4029 advertendum
455 3985 523 4033 quoe
539 3972 675 4032 interpre-
718 3983 782 4019 csse
796 3973 939 4036 siguificat,
954 3986 1000 4021 res
1012 3973 1074 4034 ipse
1084 3975 1242 4037 conminus,

154 4042 223 4093 totio
247 4045 290 4090 eet
313 4053 331 4091 n
357 4041 510 4090 Forceltino
539 4041 677 4100 proposita
718 4053 799 4102 quom
818 4045 901 4108 itere,
918 4053 986 4092 vera
1004 4052 1032 4091 et
1050 4042 1077 4092 in
1095 4044 1171 4092 iacto
1191 4055 1241 4106 po-

154 4114 184 4162 et
221 4110 288 4162 iocis
322 4109 456 4159 Plautinis
490 4112 518 4158 et
546 4109 674 4163 Anienis
718 4110 772 4160 site
792 4118 846 4162 est.

52 4236 55 4243 ,
154 4181 315 4235 confirmatu
327 4188 408 4244 etque
423 4177 570 4231 illustrato.
768 4179 801 4230 de
817 4180 877 4232 iure
894 4181 943 4248 eut
959 4180 993 4231 de
1009 4178 1131 4247 iegibus]
1165 4179 1242 4233 inter
