2700 4726
204 327 272 400 tos
469 324 750 395 nnnnnto
780 323 1029 431 caturco

208 513 315 587 mittit
335 514 516 601 conplures
536 513 688 602 equitum
711 521 843 581 turmas
867 514 906 581 eo
928 512 970 580 de
986 512 1236 582 media'nocte:
1258 516 1303 585 iis

133 602 137 613 '
207 605 371 689 imperat‚·
387 611 427 665 ut
451 604 552 690 paulu
575 603 821 668 tumultuosius
844 604 1000 668 omnibus
1024 604 1110 667 iocis
1136 626 1305 689 pertega-

122 744 128 759 ,
167 698 189 760 2
210 697 342 758 rentur.
383 686 501 757 Prima
518 692 595 758 luce
615 712 769 774 magnum
790 712 965 757 numerum
983 688 1301 779 impedimentorum

280 896 346 959 cap.
364 894 408 947 45.
425 892 452 962 §.
473 900 489 948 i
512 873 672 962 conplure's]
689 896 774 947 Voss.
793 899 825 948 A.
842 897 925 962 llong.
944 899 979 948 A.
999 897 1062 949 Par.
1081 894 1116 948 A.
1134 907 1189 948 non
1206 900 1306 963 compl.

246 966 450 1033 (quamplures
465 967 513 1018 Dr.
532 971 566 1018 A.
587 968 682 1017 tiemo.
700 966 782 1017 vind.
800 960 840 1027 Ι.)

283 1059 389 1100 turmas
412 1061 446 1101 oo
469 1053 504 1101 de
522 1051 611 1101 media
626 1061 720 1104 nocte:
754 1051 790 1101 iia
806 1051 936 1114 irnperot]
956 1048 1001 1099 lta
1019 1051 1088 1100 And.
1106 1050 1135 1101 S·
1159 1052 1189 1098 et
1205 1048 1305 1115 reliqui

245 1119 307 1171 elne
330 1121 440 1181 generis
464 1119 544 1186 libri,
576 1120 630 1170 nisi
653 1122 724 1185 quod
742 1122 791 1172 ox.
810 1122 860 1171 (lu.
877 1120 952 1169 Leid.
972 1120 1006 1168 A.
1024 1121 1095 1170 liar.
1114 1121 1148 1168 A.
1167 1117 1252 1170 Vind-
1270 1124 1311 1170 A.-

247 1201 300 1252 pro
324 1201 357 1239 eo
375 1190 412 1241 de
430 1191 528 1239 tranent
547 1190 658 1246 eooietn.
678 1190 724 1240 cui
740 1190 770 1239 in
785 1192 858 1240 llav.
877 1192 910 1238 A.
927 1188 1077 1240 semicolon
1094 1187 1229 1239 adiectam
1247 1197 1305 1252 est,

245 1266 273 1308 et
290 1258 320 1308 in
343 1258 418 1307 Leid.
436 1260 471 1308 A.
492 1260 564 1309 liar.
582 1260 616 1307 A.
643 1253 721 1309 Vind.
740 1257 774 1309 A.
797 1269 943 1321 pronomen
959 1256 1004 1322 (in
1021 1258 1093 1308 ilav.
1112 1261 1146 1307 A.
1166 1258 1249 1307 Vind.
1269 1261 1305 1307 A.

245 1326 292 1378 lite
310 1339 363 1386 pru
374 1327 427 1387 iis)
449 1330 512 1389 posi
527 1327 654 1389 imperat
670 1328 785 1392 iegitur3
810 1328 873 1379 item
890 1327 950 1375 Ald.
971 1336 1000 1375 et
1016 1340 1074 1389 spo.
1092 1327 1153 1385 (itis
1171 1326 1241 1391 imp.
1261 1328 1303 1376 st.

245 1397 295 1446 tir.
314 1396 341 1444 lt.
358 1396 461 1456 lircil.)
496 1396 589 1447 ceteri
613 1410 674 1448 cum
692 1398 753 1447 edd.
771 1400 835 1446 ante
853 1398 916 1445 Ald.
934 1396 1033 1445 nabent
1051 1397 1175 1463 tarmus.
1195 1397 1303 1448 modern

244 1464 340 1529 (cond.
359 1465 478 1532 iisdem,
503 1467 599 1518 llamo.
620 1467 722 1530 eidem,
741 1466 793 1517 tiu.
812 1461 863 1531 iis)
886 1466 982 1515 aredio
1000 1466 1087 1515 nocte
1105 1466 1249 1529 torperet,
1273 1474 1305 1517 ot

244 1534 351 1584 caesar
375 1535 482 1586 dicatur
506 1536 592 1597 prino
616 1535 725 1585 misisse
750 1536 778 1585 iu
801 1536 921 1597 aliquem
946 1535 1033 1584 locum
1052 1536 1176 1601 equites,
1204 1536 1303 1585 deinde

244 1602 399 1663 imperasse
423 1604 465 1654 eis
489 1606 578 1654 media
600 1604 696 1670 nocte,
723 1606 754 1653 ot
776 1605 856 1664 paulo
883 1603 1075 1653 tumultuosius
1092 1600 1304 1655 omnions'lncis

245 1680 425 1734 vagaremur.
461 1673 492 1722 ln
506 1678 561 1735 qua
576 1674 694 1725 dictione
712 1684 878 1736 magnopere
896 1667 1068 1723 desideretur
1085 1672 1156 1739 loci,
1174 1672 1203 1725 in
1223 1686 1306 1735 onem

245 1740 353 1802 equites
373 1741 541 1807 missimus,
567 1741 748 1805 significatio,
774 1753 861 1804 neque
880 1745 1011 1808 apparet,
1037 1754 1088 1793 cor
1105 1742 1162 1793 aiio
1181 1744 1304 1804 tempore

245 1806 332 1873 missi,
351 1811 406 1861 alio
426 1812 524 1874 vagari
543 1811 614 1860 inssi
632 1811 773 1873 dicantur,
792 1819 840 1859 ent
857 1824 937 1874 quam
954 1812 987 1861 oli
1006 1824 1063 1861 rem
1081 1822 1135 1861 non
1153 1812 1235 1875 aliis,
1253 1813 1304 1861 sed

243 1879 364 1941 eisdem,
393 1878 437 1941 qui
458 1878 536 1929 missi
553 1882 656 1943 esseni,
675 1880 836 1943 imperatum
857 1880 924 1929 iilud
943 1880 1147 1931 demonstretur.
1183 1882 1219 1929 iit
1239 1881 1303 1931 ituio

244 1946 351 2011 quidem
366 1947 536 1998 ‘incommodo
553 1950 699 1999 remedium
720 1950 750 1999 in
768 1951 890 2010 promptu
908 1951 970 2015 est,
996 1949 1021 1997 sl
1039 1950 1145 2001 eodem
1164 1956 1255 2000 mutes
1274 1949 1303 2000 iu

243 2016 286 2067 eis
304 2017 349 2078 de,
368 2019 438 2080 quod
456 2017 624 2069 recentiores
642 2020 759 2069 editores
777 2017 884 2079 puidam
902 2018 1045 2080 iecerunt3
1061 2022 1109 2067 sed
1128 2020 1234 2080 relique
1248 2020 1303 2068 duo

244 2090 420 2150 permanent,
441 2090 469 2136 et
488 2088 558 2148 quod
576 2088 690 2137 alterius
708 2086 820 2136 tollendi
838 2099 923 2137 causa
941 2087 1067 2150 proponit
1082 2086 1245 2150 Ddonerus,
1267 2091 1304 2151 ut

245 2155 282 2205 de
298 2156 392 2207 mealia
408 2157 493 2206 noete
510 2158 618 2207 referas
636 2157 671 2206 ed
684 2160 933 2220 permutentur,
952 2156 978 2205 id
993 2158 1199 2218 pervectorum
1213 2156 1302 2207 collo-

244 2226 379 2275 cationem
398 2225 490 2274 iacere
508 2237 561 2275 non
581 2225 654 2277 licet.
690 2225 733 2274 ci.
751 2226 810 2273 Air.
829 2225 874 2286 37,
894 2224 925 2274 1:
942 2224 1003 2287 ipse
1018 2225 1062 2275 Vl.
1078 2226 1143 2277 liat.
1156 2225 1222 2277 Feb.
1239 2226 1303 2275 cir·

244 2294 322 2344 citer
340 2293 438 2359 cipitia
453 2293 552 2357 priona
570 2293 711 2358 imperat,
729 2294 928 2355 speculatores
944 2295 1186 2358 apparitoresque
1205 2307 1302 2347 omnes

243 2365 279 2412 ut
295 2362 346 2412 stoi
362 2365 484 2426 praesto
501 2364 607 2413 essent.
643 2364 719 2411 ilaec
742 2362 824 2423 igitur
840 2363 922 2412 lectio
939 2374 1009 2413 sana
1026 2376 1080 2414 non
1098 2365 1225 2428 videtum
1252 2366 1302 2415 sed

243 2434 335 2480 uirum
352 2444 385 2481 en
405 2432 461 2495 de,
482 2443 518 2479 an
535 2431 633 2481 eodem
651 2442 692 2479 so.
709 2441 763 2498 qno
784 2430 927 2480 Gallorum
945 2432 1040 2492 copiae
1057 2442 1193 2483 evocatae
1211 2438 1301 2499 eruut,

241 2501 450 2561 praeterendum
468 2500 515 2561 sit,
531 2497 648 2548 dubitari
665 2502 763 2562 potest,
783 2506 811 2547 ct
827 2510 881 2549 uon
898 2498 959 2548 sine
976 2501 1083 2551 ratione
1096 2501 1163 2552 oud.
1182 2500 1219 2552 t'is
1233 2515 1302 2564 pro·

241 2579 352 2632 nomeu,
372 2569 444 2631 quod
461 2566 593 2618 incertum
611 2565 640 2617 in
657 2566 796 2618 codicibus
815 2567 905 2618 iocum
923 2568 1021 2633 helesp
1036 2580 1071 2619 ex
1087 2570 1300 2634 interpolatione

241 2636 363 2686 additum
380 2635 580 2698 suspicabatur.
698 2632 706 2645 ⁴

276 2705 359 2767 iocis]
392 2705 423 2756 io
439 2706 458 2755 i.
485 2705 545 2755 Pet.
562 2703 611 2755 (lu.
629 2704 658 2754 S.
675 2701 752 2754 Leid.
772 2706 811 2755 A.
829 2703 915 2754 Doro.
935 2702 995 2754 Pal.
1014 2702 1094 2761 flotin.
1114 2706 1145 2756 ll.
1163 2702 1247 2759 Vind.
1264 2702 1300 2761 tt.

241 2772 324 2824 Vrat.
347 2771 370 2825 G
393 2783 422 2824 et
442 2784 461 2824 a
483 2786 518 2825 tn.
542 2787 568 2825 s.
584 2773 615 2822 Β.
633 2785 694 2825 cum
711 2774 772 2823 edd.
792 2776 902 2835 praeter
918 2771 971 2823 inc.
989 2781 1018 2822 et
1033 2774 1106 2833 Ven.
1126 2775 1147 2826 i.
1164 2776 1301 2844 omnious,

238 2841 322 2963 {tiam
347 2842 432 2909 (iud,
463 2855 543 2907 quem
577 2845 669 2895 tamen
699 2842 929 2907 praepositionem
953 2845 1091 2895 commode
1117 2844 1218 2898 siesse
1239 2858 1299 2900 -nnn

253 2911 373 2963 ciebat.

270 2925 505 3045 {stragmentur}
536 2978 607 3030 And.
631 2978 682 3030 οι.
706 2974 756 3030 co.
774 2979 801 3029 S.
821 2978 894 3033 ilar.
914 2980 948 3030 A.
965 2980 1028 3033 Ald.
1046 2982 1075 3032 et
1092 2993 1151 3047 spo.
1168 2984 1298 3048 exceptis

236 3050 278 3103 St·
304 3052 333 3100 et
357 3050 415 3113 ci,
446 3061 517 3113 quae
541 3061 602 3099 com
626 3048 703 3103 [reid.
721 3051 756 3099 A.
781 3049 863 3100 vind.
883 3044 916 3097 A.
933 3053 1138 3117 perocpentut·
1156 3055 1297 3106 exiriitent.

236 3121 384 3186 captator
400 3118 496 3169 llantb.
513 3119 700 3185 vaporentur
715 3118 803 3170 ceteri
823 3118 901 3169 codd.
922 3120 952 3167 et
968 3120 1029 3169 edd.
1046 3129 1110 3173 ante
1127 3122 1208 3191 Aio,
1225 3126 1298 3189 quod

237 3189 265 3251 8.
281 3193 299 3240 3
315 3187 406 3251 aptius
420 3191 473 3237 est.

152 3256 155 3263 '
272 3258 300 3329 §.
316 3260 335 3309 2
353 3255 615 3323 impedimentorum]
633 3254 759 3309 omniunt
770 3253 790 3306 i.
806 3247 887 3306 Vret.
901 3255 936 3307 A.
947 3253 1155 3323 impeditorum
1168 3258 1254 3313 vind.
1261 3263 1298 3315 A.

198 3439 272 3507 eei)
289 3447 335 3498 eet
348 3446 463 3509 altera,
479 3441 582 3494 deinde
599 3439 726 3492 omnibus
766 3446 848 3490 ratae
874 3438 1063 3504 perspicuitati
1083 3455 1181 3511 magno
1209 3428 1297 3499 detri-

199 3514 319 3577 epibatis
336 3515 467 3571 nudatae
484 3524 590 3579 mopno
605 3513 726 3573 praete·
767 3516 857 3561 mento
874 3510 995 3567 tutorum
1007 3512 1105 3581 inisse,
1123 3517 1297 3570 simplorum
1338 3568 1341 3573 .

198 3594 253 3634 rea
275 3585 431 3635 multitado
455 3584 485 3633 io
502 3581 624 3645 reliquis
640 3580 727 3631 naui-
766 3579 872 3629 mentio
884 3581 1041 3637 nominatim
1053 3583 1130 3635 iacta
1142 3597 1197 3636 uon
1209 3594 1296 3638 esset.

196 3651 248 3703 itte
275 3655 530 3719 propapnatorttm
558 3653 604 3702 eet
627 3647 725 3701 inter·
766 3647 894 3699 liinsdem
912 3662 981 3701 vero
994 3652 1198 3714 perspicuitatis
1209 3667 1297 3709 causa

197 3722 288 3788 fecta.
765 3716 1013 3778 impedimentorum
1027 3733 1134 3784 quoqne
1151 3726 1229 3775 iacta
1247 3730 1295 3777 est

251 3790 318 3852 cap.
337 3785 383 3839 ts.
400 3787 460 3848 §.A
479 3799 608 3852 maguum
625 3798 722 3836 nume·
765 3787 884 3851 mentio,
913 3798 949 3840 ne
976 3789 1021 3839 cni
1041 3792 1187 3844 obscurum
1206 3796 1295 3862 esset,

196 3870 258 3911 rum
270 3856 531 3924 impedimentorum]
543 3856 637 3918 ustis,
652 3867 723 3918 qnae
747 3857 831 3918 ‚qaid
847 3869 964 3920 magnus
982 3858 1030 3908 iile
1048 3863 1180 3915 mulorum
1196 3862 1225 3917 in
1242 3876 1293 3916 ce·

196 3928 232 3978 ad
257 3932 290 3994 2,
323 3930 359 3981 17
381 3926 408 3989 S.
429 3929 446 3975 2
470 3928 504 3976 de
525 3924 722 3986 impedimentis
764 3926 834 3977 stris
862 3939 992 3977 numerus
1016 3928 1073 3979 sibi
1095 3932 1190 3982 veliet·
1232 3934 1293 3993 Quo

195 3996 309 4061 eiusque
325 3995 442 4046 nominis
460 3994 654 4047 neccessarie
671 3995 722 4044 do·
764 4006 848 4045 sensu
861 3999 951 4047 eutem
968 3998 1059 4048 mulos
1070 4000 1292 4065 eniupedinen-

190 4065 455 4193 titili'i‘ili
471 4064 721 4186 stultitiis
762 4064 800 4185 it
817 4063 1140 4255 iiiiff‘riiiii’
1170 4082 1207 4189 lt
1224 4070 1291 4203 3⁶³1·

351 4167 360 4184 ο
448 4169 455 4184 e
841 4166 850 4197 ς
885 4186 891 4198 θ
951 4169 960 4189 ι
1136 4171 1147 4205 ,
1245 4172 1253 4185 ο

188 4206 245 4271 eet,
261 4203 347 4257 tacite
360 4202 523 4270 intelligitur
538 4202 582 4279 rei
595 4201 719 4261 ninnet-
762 4202 890 4271 (coutet
942 4203 1049 4259 attinnt
1076 4204 1291 4277 modestinus)
