2700 4726
383 289 591 363 tin.v11.
636 288 824 377 cnr.ss
1080 291 1148 361 cac
1214 306 1217 323 .

62 477 292 545 vehementius
319 479 484 546 hominnm
506 487 634 546 mantes
657 482 870 568 perturbant.
933 479 990 551 8⁵.
1019 473 1147 546 caesar

60 565 218 632 idoneum
247 568 357 632 locum
386 576 504 634 nactus
533 569 613 655 quid
641 590 774 656 quaque
801 591 841 635 ex
870 575 968 657 parte
997 571 1150 651 geratur,

96 771 122 808 s.
141 757 171 806 lt.
194 757 281 806 llaen.
306 758 352 808 Dr.
372 759 426 809 Alt.
451 754 526 810 Vrat.
548 761 604 811 AB.
628 759 723 810 ilsrnb.
748 759 800 809 Gn.
825 757 909 810 vind.
928 755 993 808 lici.
1012 754 1065 805 inc.
1084 755 1146 807 ller.

96 826 198 878 uident
225 826 294 880 ven.
319 828 339 879 i.
381 828 483 880 Salate
508 830 627 892 ineptum
652 830 760 879 videtur
784 830 944 894 propterea,
976 825 1045 889 quod
1069 825 1147 875 salus

98 896 179 946 etiarn
203 896 270 959 iuga
293 897 388 959 quaeri
409 901 436 946 et
455 898 546 960 parari
566 901 673 961 potest,
698 900 742 962 ut,
769 897 793 946 si
813 899 859 948 vel
877 897 993 948 maxime
1011 896 1072 956 post
1089 904 1146 944 ter-

96 979 159 1029 gunt
177 962 234 1014 illis
253 974 404 1030 pugnantes
423 967 471 1017 alil
490 966 749 1033 salvilevaderent,
764 965 873 1018 illorum
884 962 980 1017 'tamen
997 961 1148 1024 periculum

96 1047 131 1085 ea
148 1046 179 1084 re
200 1034 275 1085 attici
294 1037 323 1084 et
340 1036 438 1085 mutari
462 1047 515 1086 nnn
534 1048 651 1086 necesse
668 1045 752 1088 esset.
787 1036 905 1096 Accedit
926 1033 995 1097 qnod
1013 1033 1094 1081 salac
1112 1042 1147 1080 ex

97 1105 211 1154 fortuna
235 1115 288 1152 nnn
311 1103 415 1166 minus,
440 1117 520 1166 quarn
545 1118 579 1154 ex
603 1104 709 1159 virtuts
728 1106 826 1169 pendet
851 1107 879 1154 et
894 1105 924 1153 ln
942 1113 1032 1165 pugna
1048 1111 1147 1150 neces-
1194 1126 1196 1131 .

97 1171 172 1223 serlo
193 1171 372 1235 periclitatur.
408 1175 504 1238 ltaque
529 1185 582 1225 nou
608 1183 668 1227 erat
685 1186 735 1225 rur
754 1174 796 1224 illi
816 1175 984 1223 terrerentur
1000 1183 1052 1236 eu,
1076 1168 1147 1233 quod

96 1253 173 1291 suurn
198 1241 348 1306 periculum
372 1240 401 1293 ln
424 1245 514 1295 aliena
539 1242 646 1312 petius,
673 1255 753 1307 qnam
777 1243 805 1294 in
824 1254 876 1295 sue
891 1243 1003 1292 fortune
1019 1240 1148 1290 constare

97 1311 230 1360 viderent.

130 1382 271 1439 constare]
297 1380 373 1430 codd.
392 1379 459 1432 ond.
478 1379 600 1443 exceptis
623 1382 691 1431 And.
710 1378 760 1431 (iu.
778 1380 849 1431 Lon.
874 1381 978 1443 Duru,
1004 1377 1062 1428 cud.
1083 1377 1146 1427 Urs.

94 1450 153 1499 llrn.
181 1450 239 1500 l’et.
263 1446 348 1499 Voss.
369 1451 403 1499 A.
428 1449 500 1498 (loti.
524 1451 599 1511 ligni.
624 1450 705 1502 llabr.
730 1450 813 1513 teng.
829 1449 860 1500 0.
880 1450 951 1499 liar.
971 1450 1005 1504 A.
1029 1447 1093 1497 Par.
1111 1449 1147 1495 A.

95 1520 195 1582 (flung.
214 1520 264 1575 A.)
288 1519 374 1568 llaen.
400 1519 447 1568 Dr.
464 1520 498 1568 A.
522 1519 601 1569 Vrat.
620 1520 675 1569 All.
700 1518 753 1570 tin.
781 1519 862 1587 vind.
883 1516 978 1567 ΛΟΜ.
1006 1515 1060 1566 inc.
1088 1524 1146 1565 sec.

95 1586 248 1639 dissoni.
270 1588 294 1635 2.
327 1587 487 1638 consistere
514 1589 598 1646 (And.
616 1587 666 1638 cu.
683 1589 750 1639 bur.
768 1590 869 1646 θοι-ιι.)
892 1589 939 1637 Dr.
961 1588 991 1635 ll.
1013 1587 1095 1635 Vrat.
1113 1582 1146 1636 0.
1180 1580 1183 1591 '

72 1720 75 1725 Ι
94 1656 173 1706 Goth.
193 1658 248 1706 All.
268 1656 364 1706 llamb.
381 1659 458 1707 Rom.
477 1670 502 1708 a
524 1658 594 1707 bled.
614 1670 639 1708 e.
659 1671 717 1720 sqq.
735 1656 875 1722 usquead
893 1656 961 1707 ond.
979 1657 1005 1704 2.

129 1725 196 1785 cap.
214 1726 257 1776 st.
277 1725 304 1784 S.
324 1726 338 1773 t
365 1739 470 1789 quaque
490 1723 631 1791 exparte]
655 1727 861 1788 oudendorplue
878 1738 935 1791 qua
953 1725 980 1775 in
999 1722 1075 1773 tiss,
1091 1734 1146 1772 un·

93 1795 181 1844 decim
200 1803 227 1843 et
245 1795 287 1848 ed.
306 1794 380 1859 inc,
405 1807 444 1846 ec*
462 1794 489 1842 in
507 1797 582 1844 MSS.
602 1795 732 1845 tredecim
749 1797 778 1844 et
798 1796 864 1846 Edd.
882 1809 926 1857 pp.
945 1791 1002 1858 legi
1018 1795 1146 1854 testatur,
1224 1834 1228 1851 ,

96 1864 155 1930 ipae
173 1865 207 1911 ab
225 1861 295 1914 Aldu
312 1864 424 1926 vulgata
443 1874 555 1926 queque
571 1862 603 1913 ire
621 1868 706 1926 purte
724 1865 827 1928 tenuit,
844 1863 941 1927 quibus
960 1865 1059 1913 farere
1073 1861 1145 1911 And.

96 1933 147 1984 0x.
165 1931 214 1982 cu.
233 1933 261 1979 S.
281 1932 358 1983 Leid.
377 1932 411 1984 A.
431 1933 505 1981 dicit.
543 1932 643 1983 lladern
660 1932 732 1984 Har.
752 1936 784 1985 A.
806 1934 835 1982 et
852 1932 936 1983 vind.
954 1928 988 1980 A.
1006 1939 1034 1980 et
1051 1940 1147 1982 omnes

94 2007 158 2063 post
182 2001 281 2049 Aldum
305 2000 437 2050 editiones
463 1993 608 2050 extribent.=
637 2003 710 2050 Ante
734 1999 831 2051 Aldurn
861 2011 974 2065 unaque
997 2011 1035 2050 etc
1058 2001 1147 2062 parte

94 2071 256 2132 legebatur,
282 2071 351 2131 quod
373 2074 416 2119 est
441 2069 469 2120 in
495 2070 576 2131 Bong.
595 2067 627 2121 0.
645 2071 705 2120 Pal.
724 2071 771 2122 Dr.
789 2068 826 2119 n.
838 2069 918 2121 Vrat.
937 2068 968 2117 c.
993 2067 1072 2118 (loti.
1089 2069 1147 2118 Alt.

93 2139 176 2188 vind.
197 2138 292 2187 unul.
309 2151 367 2202 qun
386 2151 425 2190 erc
443 2139 532 2202 parte
551 2138 648 2187 liabent
666 2139 724 2190 l‘et.
746 2139 831 2194 Voss.
845 2140 879 2186 A.
897 2138 971 2190 dett.
986 2138 1065 2201 llgm.
1077 2139 1148 2186 lint.

94 2209 161 2262 Lbb.
189 2207 271 2257 Febr.
305 2210 386 2271 ilung.
409 2205 441 2259 A.
466 2208 508 2257 Pl.
535 2207 598 2256 Par.
620 2204 654 2255 A.
678 2208 765 2258 llaen.
792 2207 839 2257 Dr.
859 2207 894 2257 A.
920 2200 996 2258 Vrat.
1014 2207 1071 2256 All.
1095 2205 1148 2255 tiu.
1218 2262 1225 2275 ³

95 2277 176 2325 vind.
195 2278 226 2326 ll.
261 2289 299 2328 cc
320 2279 486 2342 pauperie
511 2276 608 2326 llaub.
635 2289 692 2340 qna
715 2277 749 2336 (t.
767 2278 811 2339 p.)
835 2277 892 2326 l’et.
911 2274 996 2328 cond.
1031 2277 1151 2340 Quaque

93 2358 188 2396 errare
213 2346 242 2394 in
264 2346 366 2407 optimu
386 2347 481 2396 codice
506 2346 675 2395 decurtatum
700 2347 735 2396 ub
760 2347 850 2396 altero
868 2357 976 2408 generes
991 2357 1026 2393 ex
1043 2342 1150 2407 integre

54 2421 58 2429 '
94 2415 169 2467 iente
187 2416 296 2465 ductum
314 2414 432 2465 videtur.
476 2416 545 2466 Nam
563 2416 633 2479 quod
651 2415 817 2481 Diibuerns,
841 2415 887 2478 qui
904 2413 1030 2480 codices,
1052 2412 1150 2478 nteit,

56 2583 190 2637 adiectivi
200 2592 227 2634 et
238 2587 407 2651 plerumque
420 2585 501 2652 idem,
513 2587 583 2648 quud
625 2598 676 2638 cur
692 2580 799 2645 claret
820 2582 875 2635 iste
893 2585 956 2646 post
972 2586 1078 2648 tergum
1095 2596 1147 2646 pu-

56 2667 149 2718 pacne
174 2655 329 2716 significare
356 2655 384 2703 in
407 2657 470 2704 adn.
487 2667 527 2706 cr.
546 2656 582 2705 ad
625 2656 771 2719 guanttbus
795 2662 873 2705 crtus
896 2654 1018 2709 mutum
1040 2655 1075 2706 ad
1098 2663 1149 2706 ece
1226 2691 1229 2698 .

57 2727 92 2786 2,
109 2725 143 2773 ³0
159 2721 184 2782 S.
200 2725 217 2772 2
235 2725 373 2773 ducentem
389 2734 432 2772 nie
450 2723 584 2784 corripuit
624 2726 767 2776 terrendos
785 2721 914 2775 valuerit.

59 2791 240 2854 Nipperdeius
265 2806 290 2854 p.
309 2790 344 2841 54
365 2791 434 2841 nibil
453 2791 582 2851 impedire
829 2844 832 2849 ,

58 2871 206 2926 causatus,
235 2873 287 2922 que
304 2861 393 2910 minus
412 2860 581 2924 plerumque
674 2860 743 2924 cap.
757 2859 800 2913 85.
819 2858 1042 2920 §.irascerer
1054 2859 1147 2922 parte]

56 2933 209 2993 pervagata
217 2928 415 2992 significatione
424 2930 507 2979 verbo
515 2940 581 2978 cun·
625 2929 691 2980 cunr
708 2931 796 2981 tribus
813 2927 928 2979 maxine
941 2928 1012 2978 locis
1024 2941 1077 2980 unc
1091 2932 1149 2981 tu!

57 3001 197 3062 iungatur.
231 2997 346 3059 Impedit
365 3009 431 3047 veru
448 3006 477 3046 et
495 3009 580 3048 vcca-
624 3005 745 3061 ternpore
762 2998 931 3062 pugnaretur
953 2999 993 3056 (c.
1011 2995 1048 3048 tt
1070 2997 1095 3059 §.
1115 2999 1148 3056 2)

57 3069 180 3120 bulcrunr
199 3069 321 3131 positura
340 3076 367 3116 et
386 3069 456 3130 qued
478 3068 581 3116 adver·
625 3066 741 3118 caesari
766 3069 891 3118 idoneum
918 3065 952 3115 ud
976 3078 1147 3129 cognoscen-

58 3137 104 3188 biu
124 3139 159 3187 ad
178 3139 290 3187 verbum
308 3138 397 3186 relatu
417 3135 581 3189 adiectivuru
625 3139 705 3202 dum,
729 3135 793 3199 qnid
814 3136 842 3185 iu
860 3145 1018 3199 unoquoque
1036 3147 1148 3199 gerere·

57 3209 108 3257 aut
126 3206 221 3256 inutile
239 3209 288 3256 aut
307 3206 424 3267 ineptum
448 3206 494 3254 iit:
519 3205 581 3254 inn-
625 3207 794 3268 tunionem
812 3204 936 3255 nancisci
947 3217 1001 3256 non
1019 3214 1081 3256 tarn¹
1092 3204 1148 3262 dif-

57 3275 125 3341 tile,
143 3274 167 3323 si
183 3277 234 3325 lrcc
248 3277 390 3339 docentur,
408 3275 509 3325 nullam
523 3286 581 3324 reru
624 3275 696 3324 ticile
720 3276 809 3326 tuisse
834 3273 958 3339 videtur,
984 3286 1063 3337 quarn
1080 3274 1148 3324 ller-

57 3345 198 3396 absentem
231 3357 294 3394 esse
329 3344 394 3406 quin
423 3345 582 3408 plerumque
625 3343 785 3408 lingbierius
802 3344 937 3396 Euanten
953 3356 978 3404 p.
994 3344 1147 3404 tba'putat

57 3413 246 3467 venementius
274 3420 418 3475 praesente
442 3424 493 3463 nus
516 3426 582 3475 per·
607 3412 1147 3477 'lurnnnlticuesenimcuutrainterio·

57 3481 163 3533 turbet:
193 3483 330 3548 ineptnni,
355 3483 379 3530 sl
395 3485 462 3548 boc,
486 3494 582 3533 ornnes
624 3494 670 3533 res
685 3491 766 3545 atque
779 3481 930 3533 exteriores
948 3484 1039 3532 trustes
1055 3484 1147 3544 perie-

57 3553 100 3603 ita
130 3560 302 3614 comparatas
326 3562 406 3612 esse,
442 3555 581 3615 utusque
624 3555 686 3603 ctas
695 3551 862 3604 exomnibus
872 3551 973 3601 castris
984 3551 1087 3612 despici
1096 3564 1146 3614 pc·

59 3631 123 3672 raro
142 3633 229 3683 neque
249 3633 372 3681 semper,
396 3620 446 3668 sed
464 3622 581 3681 plerum·
624 3620 711 3671 tuisse
724 3621 791 3673 c.80
803 3621 855 3682 §.2
868 3621 1079 3671 demonstratum
1093 3623 1147 3676 est.
1189 3634 1194 3642 ’

57 3701 110 3752 que
134 3687 162 3738 id
190 3688 320 3740 eliciant.
363 3689 451 3739 Etiam
474 3691 582 3740 Handiu
624 3691 726 3740 Horum
741 3693 825 3755 igitur
842 3693 995 3740 castrorum
1009 3702 1058 3754 ea,
1076 3702 1147 3753 quae

57 3759 136 3808 turs.
156 3755 190 3820 t,
210 3756 263 3808 473
286 3760 456 3821 ples‘umqrte
474 3771 581 3824 umnec,
626 3760 706 3810 simul
719 3760 746 3810 in
760 3763 854 3810 castre
867 3757 980 3808 Antistii
996 3760 1025 3809 et
1037 3759 1147 3810 caninii

57 3828 136 3878 cuins
160 3828 311 3888 exemplum
342 3840 377 3876 ex
400 3828 523 3878 Lucretii
553 3829 582 3895 t,
626 3835 797 3891 prospectum
810 3829 950 3893 baberent,
964 3831 1037 3878 etex
1048 3830 1146 3892 quibus

57 3895 127 3948 1045
145 3896 228 3959 citat,
248 3896 462 3958 coniungendam
481 3907 508 3946 et
525 3897 582 3948 lin-
625 3898 755 3949 facillime
784 3907 812 3948 et
841 3895 985 3948 celerrime
1016 3899 1147 3952 auxilia·

57 3978 128 4083 gnae
146 3964 255 4028 vulgari
272 3966 408 4030 proprium
423 3967 510 4016 visum
528 3975 582 4018 est.
624 3968 811 4019 laborantibus
826 3966 956 4018 summitti
973 3977 1076 4033 penset,
1096 3971 1147 4018 de·

83 4038 185 4085 eternrn
206 4035 302 4085 omnic
320 4047 392 4099 quae
411 4034 515 4086 absunt
536 4048 580 4100 ea,
623 4038 726 4100 legisse
743 4041 771 4086 et
790 4036 827 4086 ibi
843 4037 872 4086 in
888 4037 1005 4088 castello
1022 4040 1068 4089 vel
1085 4049 1159 4089 rua-¹

54 4114 126 4164 quae
151 4104 284 4154 terribilia
309 4104 380 4168 sint,
404 4104 528 4168 intellige
551 4108 581 4154 et
623 4106 666 4168 gis
695 4106 769 4157 edite
798 4110 879 4168 perte
912 4107 1001 4158 lucum
1036 4107 1145 4170 cepisse

51 4173 105 4224 bac
121 4175 259 4226 sententia
269 4173 401 4226 rationein
417 4173 493 4224 reddi
503 4180 580 4244 pute,
622 4175 728 4229 Caesar
744 4177 881 4241 putandus
899 4180 952 4228 est.
