2700 4726
382 295 489 374 nro.
512 293 597 367 vn.
643 293 835 398 canoa
949 336 950 345 κ
1084 308 1150 377 sar

68 490 167 550 antea
187 483 370 565 habuerat,
392 505 429 551 se
451 485 524 551 iore
543 491 735 551 contentum
751 483 837 552 dicit
854 506 960 575 neque
979 490 1149 560 fortunam

67 580 277 639 tentaturum
309 582 368 640 aut
403 573 439 638 in
474 574 546 640 acie
575 571 834 683 dimicaturum
864 562 952 663 ᾣιι,
992 581 1148 664 quoniam

102 743 200 784 omues
223 730 363 784 celeriter
385 730 463 784 iubet
481 730 644 783 conuenire.
672 732 742 781 And.
761 730 812 780 οι.
841 732 918 782 llaec
937 733 972 782 ad
989 733 1055 802 illa,
1079 749 1149 801 qnae

103 801 285 866 praecedunt,
307 799 436 866 lienique
454 823 487 836 -
506 801 599 864 iubet,
628 811 698 862 quae
718 801 789 850 And.
808 808 836 848 et
854 800 905 850 01.
922 801 979 869 ita,
999 806 1032 869 ,ut
1050 807 1149 870 reliqui
1170 817 1173 822 ’

102 869 168 920 libri
192 880 285 920 omnes
303 870 415 938 paucis,
438 881 509 933 quae
532 867 653 932 ostendi,
678 868 801 929 exceptis
822 869 1024 922 consentientes
1045 877 1149 938 scripte

102 939 247 1004 exhibent,
273 951 359 1002 neque
377 951 396 990 a
414 936 617 990 Gaesare'addi
634 949 723 1000 neque
739 937 846 988 illorum
864 937 1083 1000 explicandorum
1100 948 1149 996 aut

43 1060 48 1072 ,
101 1009 329 1058 emundandorum
352 1017 400 1059 aut
423 1009 604 1058 ornandorum
629 1007 719 1070 gretia
745 1007 779 1057 ab
805 1007 917 1075 homine*
936 1019 1005 1059 sano
1027 1012 1149 1064 adscribi

100 1090 190 1142 neque
207 1089 273 1128 vero
290 1076 463 1129 librariorum
482 1075 650 1139 negligentia
668 1079 717 1127 aut
734 1087 828 1128 errore
846 1089 882 1126 ex
894 1073 931 1126 iis
946 1076 1012 1130 oriri
1025 1083 1148 1140 potuisse

69 1152 73 1160 ’
101 1146 276 1196 manifestum
296 1149 348 1196 est.
390 1146 423 1196 ln
442 1145 664 1207 premeridibus
689 1155 756 1194 vero
782 1144 848 1195 ninii
876 1145 967 1196 obstat
990 1159 1043 1210 quo
1059 1151 1149 1203 minus

101 1227 135 1266 ea
154 1227 207 1265 non
222 1228 278 1266 una
300 1213 454 1279 cumillis,
480 1216 529 1265 sed
546 1214 655 1265 illorum
680 1215 741 1264 loeo
758 1213 848 1274 posita
865 1213 953 1264 tuisse
977 1214 1093 1280 indeque
1118 1222 1149 1272 ut

104 1285 162 1335 alia
180 1282 208 1333 in
226 1285 376 1348 marginem
394 1281 497 1334 codicis
512 1281 772 1335 commentariorum
787 1283 913 1334 traducta
930 1286 959 1334 et
976 1296 1010 1334 ex
1024 1287 1149 1352 margine

101 1348 130 1402 iri
156 1355 276 1403 ordinem
298 1360 408 1414 recepta
434 1365 497 1402 esse
522 1352 702 1414 suspicemur.
744 1351 825 1402 certe
849 1363 902 1402 nou
923 1354 1067 1406 absurdum
1089 1365 1149 1410 erat

101 1421 216 1484 reliquis
233 1421 392 1473 civitatibus
409 1421 490 1473 simul
507 1430 535 1471 et
551 1421 660 1472 obsides
677 1421 824 1483 imperatos
843 1422 871 1469 et
887 1420 959 1473 diem
975 1424 1009 1473 ab
1026 1423 1149 1486 impera-

101 1498 163 1540 tore
182 1491 254 1541 bello
272 1490 448 1542 constitutam
466 1501 632 1554 memorare,
657 1501 745 1554 aqua
763 1488 805 1538 dle
824 1489 876 1539 sibl
893 1501 1016 1554 quaeque
1033 1492 1091 1562 ita,
1118 1503 1149 1547 nt

100 1559 322 1625 Vercingetorigi
339 1560 525 1623 Arvernisque
543 1566 572 1608 et
588 1557 726 1624 Haeduis,
748 1558 851 1610 bellam
871 1570 932 1609 oum
950 1560 1079 1613 Romanis
1097 1575 1149 1628 ge-

101 1631 214 1679 rendum
241 1637 269 1678 et
295 1630 424 1694 quae.ad
446 1641 507 1680 eam
529 1641 589 1679 rem
612 1627 674 1678 usui
698 1633 807 1691 essent,
831 1627 1004 1691 inpromptu
1024 1632 1149 1686 labenda

102 1709 167 1746 esse
192 1697 286 1752 sciret.
321 1698 364 1748 ci.
382 1710 406 1753 c.
424 1692 442 1745 4
466 1695 493 1756 S.
511 1698 546 1748 7:
571 1696 699 1746 omnibus
715 1694 761 1746 leis
779 1696 944 1747 ciuitatibus
963 1699 1073 1751 obsides
1091 1701 1149 1753 im-

102 1768 210 1832 perat,
228 1768 343 1827 certum
361 1776 515 1817 numerum
531 1765 655 1815 militum
674 1765 714 1816 ad
731 1777 763 1816 se
781 1765 921 1818 celeriter
937 1768 1044 1820 adduci
1060 1769 1148 1838 iubet,

99 1848 292 1887 armorum
310 1838 490 1901 quantum
507 1846 673 1898 quaeque
690 1832 835 1884 civitae
858 1835 954 1886 domi
977 1840 1158 1906 quodque'

100 1907 189 1957 aute
215 1907 361 1969 ternpus
384 1901 562 1969 efficiat,
594 1901 817 1954 coustituit.
860 1905 921 1954 Non
939 1907 1027 1968 magis
1048 1909 1149 1960 absur-

100 1977 162 2025 dum
186 1982 246 2024 erat
275 1973 437 2034 stipendium
461 1973 508 2022 vel
530 1971 686 2024 donativum
709 1982 876 2038 memorare,
900 1985 952 2037 quo
971 1975 1149 2034 promittendo

99 2043 314 2107 Vercingetorix
332 2042 450 2103 equitum
467 2040 614 2091 adventum
631 2042 789 2090 accelerare
806 2041 950 2108 voluisset,
968 2045 1038 2104 quod
1054 2045 1149 2097 lacere

99 2127 161 2164 eum
181 2113 302 2174 potuisse
327 2110 434 2160 minime
458 2121 560 2160 avero
579 2110 751 2159 abhorrebat.
792 2110 886 2172 Neque
905 2123 1028 2162 nummus
1046 2115 1149 2166 Roma-

99 2195 153 2232 nus
171 2181 199 2230 in
218 2182 359 2232 Gallorum
378 2177 548 2240 imperatoris
566 2177 690 2230 oratione
702 2176 879 2228 offensionem
895 2181 992 2245 babet,
1012 2180 1072 2232 sive
1086 2186 1151 2233 bre-

101 2250 197 2302 viretis
221 2263 307 2301 causa
331 2250 461 2300 consueto
480 2249 615 2299 vocabulo
642 2245 912 2309 iri-lipreneridions
934 2262 1013 2299 usum
1032 2252 1151 2314 scripto-

100 2333 160 2371 rem
180 2319 241 2368 sive
258 2320 346 2384 ipsum
363 2317 615 2380 Vercingetorigem
634 2316 712 2380 quasi
730 2317 870 2366 Romanae
888 2316 1019 2378 pecuniae
1034 2332 1151 2383 posses-

100 2401 192 2440 sorem
216 2388 255 2438 ita
278 2390 396 2439 locutum
421 2398 484 2436 esse
508 2390 669 2436 statuamus.
710 2384 845 2434 Notabilis
863 2388 953 2436 autem
971 2389 1039 2438 liaeo
1059 2391 1150 2452 liplre-

100 2458 234 2508 meridum
256 2454 444 2519 discrepantia
473 2455 520 2504 vel
549 2453 676 2505 dictionis
703 2464 809 2522 causa,
844 2466 912 2515 qnae
945 2457 1028 2517 paulo
1056 2459 1151 2510 durior

101 2531 145 2576 est
165 2525 193 2577 in
212 2525 429 2590 commentario,
456 2525 502 2575 vel
522 2533 633 2586 propter
657 2533 714 2573 rem
740 2518 828 2584 ipsam
847 2522 936 2573 videri
956 2527 1083 2579 collatori
1100 2541 1151 2591 po-

101 2600 176 2646 terat
192 2595 317 2660 miranti,
344 2595 471 2657 quidnam
492 2592 651 2654 scriptorem
669 2591 819 2655 mouisset,
844 2600 875 2641 ut
898 2591 956 2644 illic
972 2596 1064 2661 posita
1081 2609 1149 2659 par-

103 2664 151 2715 tlm
167 2667 304 2730 mutaret,
324 2664 420 2726 partim
440 2662 587 2712 induceret.
618 2663 676 2712 Neo
695 2661 772 2710 nobls
790 2662 937 2711 decernere
954 2664 999 2713 ius
1016 2669 1067 2731 est,
1085 2666 1149 2729 quid

99 2733 175 2783 istud
198 2734 297 2792 fuerlt;
330 2734 380 2780 sed
401 2740 490 2782 tamen
513 2741 622 2795 eornm,
654 2740 724 2793 quae
750 2742 784 2778 ex
809 2732 1053 2800 Ephemeridlbus,
1087 2747 1148 2785 cum

100 2801 188 2865 recipi
207 2802 234 2853 in
252 2799 467 2852 commentarios
488 2811 537 2860 per
558 2801 653 2851 borum
671 2798 787 2848 indolem
808 2801 937 2866 possent,
965 2810 1079 2865 recepta
1096 2816 1149 2854 non

99 2872 174 2938 siut,
208 2872 264 2922 alia
290 2871 427 2933 postmodo
454 2869 529 2918 talea
552 2871 597 2917 vel
625 2880 719 2930 parum
742 2866 924 2934 verisimilia,
955 2870 1011 2922 alia
1034 2873 1148 2923 minoris

100 2940 228 2992 manenti
247 2941 359 3002 cognita
377 2941 482 2987 etcum
502 2934 740 2985 verisimilioribus
756 2943 783 2982 eo
801 2936 976 2998 gravioribus
993 2939 1059 2990 item
1073 2952 1150 3003 pust-

99 3012 179 3061 modo
196 3011 313 3072 cognitis
332 3013 488 3072 permutata
505 3017 568 3054 esse
586 3004 726 3066 probabile
742 3003 859 3056 videtur.

137 3079 198 3139 §.2
222 3083 304 3129 antea
322 3077 466 3134 habuerat]
492 3074 596 3139 „diss
615 3072 733 3134 plerique
757 3076 785 3122 et
803 3073 869 3126 lldd.
888 3087 931 3135 pp.
940 3071 959 3102 “
984 3075 1054 3127 nov.
1074 3077 1148 3129 uoti.

100 3149 169 3201 Wb.
191 3149 273 3210 llong.
291 3150 324 3198 A.
352 3147 417 3196 Par.
436 3140 468 3195 Α.
494 3143 541 3192 Dr.
560 3144 615 3192 Ali.
633 3143 714 3191 Vret.
733 3139 784 3191 Bc.
807 3141 935 3194 lnc‘sec.
955 3144 1015 3195 llio.
1036 3146 1107 3198 Ven.
1126 3148 1148 3196 t.

98 3219 187 3268 antea
206 3216 340 3267 babuerit
366 3215 438 3265 Gott.
457 3219 485 3262 et
504 3215 579 3275 Egon.
600 3211 681 3260 linior.
700 3211 772 3260 llav.
794 3215 825 3259 ll.
846 3210 929 3262 Vind.
950 3212 983 3261 A.
1008 3217 1079 3267 aute
1096 3214 1150 3266 be-

100 3288 206 3338 baerut
222 3286 307 3340 Goutl.
323 3287 403 3336 Vret.
423 3287 458 3332 A.
478 3282 558 3332 Goth.
577 3281 631 3333 All.
652 3279 748 3328 Hamb.
766 3279 848 3351 Vind.
866 3279 984 3332 GDEFl.
1005 3284 1066 3332 edd.
1086 3292 1151 3333 ante

91 3357 170 3413 ,vem
188 3356 207 3404 i.
233 3356 311 3405 'dura
334 3355 402 3403 ante
420 3350 554 3403 babuerit
579 3348 655 3408 (rell.
674 3348 756 3397 llabr.
783 3351 810 3398 et
828 3349 896 3399 0od.
923 3350 1004 3402 Vlud.
1022 3353 1052 3401 li.
1081 3352 1149 3410 uu.)

97 3422 160 3476 Ald.
182 3424 225 3474 ab.
251 3423 299 3474 Gr.
323 3424 366 3474 ab.
387 3420 514 3486 lendan.
534 3421 572 3470 St.
595 3417 679 3469 lircil.
703 3416 779 3478 uips.
804 3430 862 3481 sqq.
898 3417 939 3468 De
957 3419 1088 3472 adverbio
1112 3423 1149 3472 ct.

99 3494 162 3544 ado.
182 3505 223 3543 cr.
242 3494 277 3544 ad
294 3490 330 3556 4,
350 3492 384 3540 36
400 3488 427 3550 s.
447 3490 473 3537 2.

62 3630 275 3695 Vercingetorix
304 3627 431 3686 dixerat,
463 3635 586 3686 compro-
629 3621 830 3678 etmttbttiiut
851 3619 1152 3692 &etauctoritatem

63 3702 165 3753 uentis.
193 3701 235 3752 ct.
251 3701 313 3749 adn.
328 3709 367 3746 cr.
385 3695 420 3746 ad
437 3697 464 3759 3,
481 3693 499 3744 8
517 3694 543 3755 s.
558 3690 586 3742 d.
629 3694 688 3747 been
719 3689 756 3745 bie
784 3690 958 3746 iebeuemittei
990 3693 1150 3760 obturatum.

627 3760 754 3824 Sequitur
772 3773 839 3812 vero
862 3760 1006 3814 affirmatio
1029 3765 1153 3826 opposita

116 3834 179 3902 sed]
203 3835 256 3897 oiri
274 3834 377 3885 minore
395 3840 457 3882 ante
475 3834 525 3882 hoe
542 3831 588 3882 in-
630 3828 802 3880 antecedenti
830 3827 982 3892 negationlr
1008 3834 1154 3898 perfacile

63 3905 253 3971 terpunctione
271 3907 395 3965 utuntur,
417 3905 447 3950 ut
464 3901 544 3962 Nipp.
561 3906 589 3950 et
631 3911 692 3950 esee
705 3900 788 3964 ructu
799 3897 964 3964 probibere,
977 3908 1007 3949 ut
1020 3903 1072 3952 scd
1085 3915 1152 3953 ver·

62 3977 249 4036 recentiores,
275 3972 505 4033 exspectationem
528 3981 587 4019 mo·
629 3970 739 4018 tendum
757 3968 792 4016 sit
810 3965 867 4022 ubit
882 3970 910 4017 et
922 3969 1049 4021 maiorem
1064 3972 1152 4022 inter.

63 4046 190 4094 veniret
217 4045 244 4093 in
263 4040 447 4092 antecedentis
470 4047 586 4099 negatae
628 4037 800 4099 punctionem
827 4037 958 4100 requirat.
996 4040 1038 4090 ci.
1064 4037 1154 4100 1,1l

60 4114 153 4164 locum
171 4110 388 4175 substituendae,
406 4108 450 4159 cui
467 4107 587 4158 satisne-
631 4105 688 4167 s.1
710 4105 762 4156 sed
778 4118 811 4157 co
828 4107 986 4172 deceptum.
1011 4107 1077 4169 4„u
1093 4108 1154 4171 §.a

63 4186 126 4250 ret,
144 4182 170 4233 si
185 4177 590 4246 sequereturproitoiturum:
632 4175 683 4229 ted
698 4175 795 4228 licere.

72 4340 85 4346 ,
134 4267 173 4319 11.
483 4307 486 4310 .
902 4242 948 4309 ae
