2700 4726
150 298 219 370 aas
413 289 699 361 uaesano
729 289 981 361 carmon
1084 258 1090 281 '

154 481 304 550 iuniores
325 479 445 548 ltaliae
468 482 702 562 coniummnt,
723 479 880 547 dilectum
902 486 975 546 tota
994 477 1165 568 provincia
1180 481 1239 552 ha·

110 569 133 633 2
154 573 234 639 bere
256 569 420 639 instituit.
462 568 534 636 Eae
556 591 612 636 res
635 571 671 635 in
694 568 840 637 Galliam
864 567 1126 658 Transalpinam
1150 571 1240 634 cele·

189 773 274 825 uymo
292 758 391 824 Vino,
416 759 458 809 l’l.
484 759 520 809 de
542 769 594 809 om.
613 758 691 810 carr.
709 759 742 808 N.
767 759 826 810 cod.
845 755 886 809 Di.
904 758 987 811 voss,
1011 754 1091 818 „mei
1114 757 1242 820 quotquot

104 829 105 832 ’
190 831 251 893 ipse
268 828 419 880 cousului“
437 830 496 880 Pet.
517 828 590 879 Gott.
607 830 692 880 Voss.
708 830 742 878 A·
759 830 838 888 Egm.
852 828 903 879 Lu.
915 828 974 878 Pal.
992 827 1063 875 flav.
1077 826 1109 873 Δ.
1129 827 1192 875 Pur.
1205 828 1241 874 A.

191 901 240 952 Dr.
267 900 323 961 AB.
343 900 422 952 Vnst.
444 896 523 950 ABG.
555 897 633 951 (iotis.
660 899 691 945 Β.
719 895 1077 945 tiemo-vinu.ncuuu1.
1103 892 1153 941 Gu.
1180 896 1243 943 edd.

192 970 257 1021 aute
283 968 402 1017 ntum.
422 967 615 1017 ur.u.1rreu.
659 965 770 1016 Omissa
794 964 993 1025 praepositione
1019 972 1046 1012 cc
1069 962 1197 1024 ambigua
1214 965 1243 1011 et

189 1037 313 1088 insolens
330 1036 362 1084 fit
380 1035 469 1086 dictio.
499 1036 624 1086 Senatus
642 1037 773 1083 consulte
791 1032 862 1080 enirn
880 1034 992 1083 certior
1011 1030 1108 1093 fuctus
1126 1030 1245 1092 intelligi

190 1109 281 1171 potest
298 1108 325 1154 et
343 1104 383 1170 is,
407 1118 484 1166 quem
502 1111 614 1152 senatus
632 1104 786 1150 consultum
804 1101 947 1151 certiorem
967 1103 1069 1150 iactum
1088 1099 1190 1164 voluit,
1215 1103 1244 1149 et

190 1188 269 1240 quem
295 1172 362 1222 iecit
385 1173 537 1222 certiorem.
577 1165 649 1218 Illud
675 1173 781 1233 eutem,
813 1172 846 1217 de
869 1183 921 1232 quo
948 1169 1050 1219 certior
1074 1171 1165 1217 factus
1188 1170 1242 1232 est,

190 1245 261 1308 quod
279 1241 371 1302 colligi
389 1253 424 1288 ex
442 1240 535 1289 verbis
553 1239 588 1287 ut
605 1251 702 1288 omnes
720 1238 848 1289 iuniores
864 1239 969 1290 ltaliae
987 1239 1178 1289 contererent
1192 1251 1243 1286 ue-

190 1325 271 1363 cesse
290 1312 334 1358 est
353 1309 404 1366 (ci.
423 1312 451 1374 3,
468 1310 484 1358 6
503 1307 528 1366 S.
543 1312 560 1357 3
577 1306 667 1369 itique
685 1310 838 1369 adscripta]
856 1309 981 1371 quorriam
995 1322 1011 1357 a
1024 1308 1145 1357 Caesare
1160 1319 1244 1366 prae-

191 1379 261 1432 stari
278 1391 330 1428 nou
351 1379 458 1439 poterat
483 1378 536 1433 (ei.
556 1388 624 1438 quae
651 1377 680 1426 in
698 1378 746 1426 int.
766 1391 801 1426 ex
818 1379 938 1426 Asconio
958 1380 985 1425 et
1004 1377 1135 1426 cicerone
1155 1377 1245 1426 relata

191 1451 269 1505 suut)
292 1448 328 1496 ad
352 1458 412 1496 eam
436 1451 541 1509 partem
562 1446 678 1510 ltaliae,
704 1458 772 1509 quae
801 1447 861 1495 eius
881 1446 1115 1508 provincialem,
1143 1446 1243 1494 referri

191 1519 269 1580 eique
289 1527 307 1565 a
325 1524 422 1565 senatu
439 1520 591 1566 mandatum
610 1516 695 1565 statui
712 1518 792 1565 debet
808 1519 875 1581 lios,
893 1520 923 1566 ut
935 1517 1004 1577 quod
1020 1528 1069 1575 per
1082 1517 1167 1573 ipsum
1183 1513 1244 1564 lieri

191 1592 301 1649 posset,
326 1596 421 1635 omnes
439 1585 538 1635 ltaliae
562 1584 684 1635 iuniores
703 1585 891 1637 coniurareut:
916 1582 988 1647 turdi
1009 1582 1078 1636 tinto
1098 1580 1244 1636 &tuuttbee

190 1653 271 1721 futui
289 1650 495 1719 tractantium
519 1653 567 1717 tot
586 1665 612 1705 et
629 1655 675 1706 tot
693 1652 782 1719 [tiniae
801 1656 864 1721 totu
884 1651 1013 1720 trintum
1029 1653 1103 1719 tote!
1131 1652 1179 1715 tot
1206 1652 1244 1704 tit

190 1721 336 1790 citocatiae
357 1719 529 1789 ffiouuffuuuo
547 1721 665 1793 Statirae
688 1736 717 1791 tu
737 1723 841 1776 &tonte
863 1721 940 1777 timo.
981 1725 1059 1772 ilaue
1078 1721 1244 1772 sententium

187 1797 232 1845 ita
249 1805 268 1843 a
285 1792 405 1844 Caesare
423 1794 622 1856 pronuntiatam
640 1804 703 1841 esse
719 1795 808 1843 miurus
826 1794 976 1844 verisimile
995 1794 1041 1856 iit,
1060 1804 1139 1853 quam
1159 1792 1246 1842 libra-

191 1864 294 1916 riorum
313 1864 394 1922 culua
409 1865 470 1924 post
488 1863 575 1913 coede
593 1862 730 1912 excidisse
751 1864 795 1914 dc.
829 1864 923 1924 Neque
943 1863 1014 1913 enim
1037 1864 1156 1910 senatus
1176 1873 1246 1910 cou-

142 1984 146 1991 ,
190 1934 268 1984 salto
291 1931 404 1982 certior
431 1934 530 1998 factus
553 1933 623 1981 idern
649 1937 691 1982 est
717 1936 799 1994 atque
823 1934 942 1981 senatus
968 1935 1098 1980 consulto
1116 1933 1245 1994 accepto,

192 2003 264 2065 quod
284 2001 392 2062 opinari
410 2002 517 2050 vitetur
534 2001 731 2063 Nucerinus,
755 2003 816 2049 oium
835 2001 1010 2049 Plutarchum
1030 2000 1149 2049 corrfcrri
1170 1999 1246 2047 iubet

189 2072 279 2122 Marc.
297 2081 322 2122 c.
337 2071 364 2131 9,
383 2069 426 2118 ubi
439 2071 589 2120 Marcellus
608 2078 718 2129 praetor
729 2069 855 2119 Siciliam
873 2069 987 2116 sortitus
1005 2068 1056 2124 (ci.
1072 2067 1158 2128 Pignii
1175 2069 1245 2116 Auru.

190 2139 314 2203 2‚160)
337 2137 439 2189 ¹(licitur
461 2140 523 2197 post
547 2139 677 2197 proellum
703 2136 847 2186 Cannense
871 2136 1019 2184 Canusium
1043 2149 1075 2184 se
1096 2135 1246 2186 contulisse

192 2201 283 2273 δόγμα
300 2199 348 2268 τῆς
364 2199 462 2272 βουλῆς
479 2199 632 2266 δεξάμενος.

225 2277 348 2324 iuniores
367 2274 478 2332 ltaliae]
497 2272 599 2334 „MSS⁸
619 2271 679 2320 tere
696 2264 819 2322 omnes“
840 2268 879 2319 lt.
896 2268 955 2320 iun.
974 2270 1057 2321 Vret.
1071 2269 1102 2321 G.
1120 2270 1199 2321 Goth.
1216 2273 1244 2322 ll.

191 2342 276 2393 vinu.
302 2341 360 2389 AD.
384 2341 444 2390 edu.
471 2342 535 2392 aute
560 2339 661 2390 onor
691 2344 802 2402 praeter
820 2339 893 2388 Ven.
918 2340 938 2388 i.
958 2341 997 2389 St.
1018 2347 1046 2388 et
1064 2339 1130 2388 oud.
1151 2343 1174 2388 2.
1200 2337 1246 2399 (ln

191 2410 275 2462 Vini.
284 2410 313 2460 a.
322 2409 450 2459 iuniores
458 2410 598 2471 omissum,
609 2409 637 2457 iu
646 2410 673 2458 S.
684 2410 755 2461 lieu.
763 2413 796 2461 A.
811 2421 859 2470 nro
867 2420 900 2458 eo
909 2409 1038 2468 scriptum
1047 2416 1090 2457 est
1097 2410 1246 2474 reinerus.)

226 2480 369 2535 dilectum]
388 2480 493 2544 „Boug-
511 2480 544 2528 A.
558 2479 641 2527 Voss.
655 2475 690 2531 Α,
705 2481 733 2528 et
750 2479 826 2528 multi
842 2475 916 2529 alii“
934 2478 1077 2529 detectum
1097 2480 1173 2529 vuar..
1189 2483 1246 2533 AB.

191 2547 322 2600 licinii.
346 2540 428 2597 Viuo.
448 2547 503 2598 AG.
521 2547 595 2596 ilar.
613 2548 646 2596 Α.
666 2549 809 2597 estuante
831 2547 898 2597 oud.
917 2549 1030 2600 delectu
1048 2547 1127 2602 Vrat.
1147 2548 1177 2600 C.
1197 2551 1245 2600 eti-

189 2617 249 2668 teui
267 2616 365 2666 flamb.
395 2615 437 2668 Gi.
457 2618 519 2666 adu.
539 2617 633 2666 ursel
651 2619 685 2681 6,
704 2619 718 2666 1
736 2615 762 2677 S.
781 2617 807 2668 1.

224 2686 340 2746 neuere]
358 2695 409 2739 om.
427 2687 456 2736 S·
473 2684 550 2740 Leit.
568 2688 603 2734 n.

157 2840 231 2892 sutis
258 2853 320 2892 esse
341 2851 447 2905 maone
470 2834 609 2902 utrinque
635 2834 682 2886 tn·
774 2835 911 2906 iuniores]
937 2852 1048 2901 quorum
1072 2841 1152 2889 aetas
1174 2839 1250 2892 iuter·

45 2908 48 2913 ’
141 2910 306 2962 commoda
323 2910 456 2972 acceptu,
477 2906 682 2972 quaeprout-
723 2919 823 2958 aunum
849 2907 1127 2960 xv11.ecxuv1.
1161 2920 1245 2963 esser.

156 2979 281 3043 sciplinu
313 2981 343 3030 et
374 2972 542 3042 praeceptis
575 2975 681 3027 trabere
723 2977 814 3026 Testis
838 2987 882 3026 est
906 2979 1029 3040 Gellius,
1054 2979 1103 3040 10,
1122 2977 1165 3027 28.
1201 2980 1245 3029 Cf.

155 3050 285 3114 possent,
301 3050 337 3099 at
352 3047 482 3111 reliquos
495 3057 579 3096 casus
595 3045 681 3096 time·
723 3054 833 3106 praeter
850 3047 912 3096 civ.
925 3051 952 3109 3,
972 3050 1021 3096 102
1040 3047 1117 3096 modo
1135 3049 1246 3099 citatum

156 3120 235 3168 rent.
266 3117 294 3166 in
313 3116 476 3180 quibusut,
507 3117 679 3175 quemadmo—
722 3115 785 3165 Liv.
814 3117 847 3177 3,
865 3112 900 3164 41
927 3113 990 3172 §.7
1013 3115 1142 3166 edicitur
1166 3118 1245 3168 dete-

157 3189 220 3237 ‹lum
234 3184 295 3253 hic,
313 3197 348 3234 ex
364 3185 422 3234 solo
437 3184 537 3245 pendet
549 3185 679 3234 substau-
722 3186 796 3243 ctus,
815 3181 992 3233 iuniores-
1007 3185 1045 3235 ud
1062 3184 1177 3234 nornine
1195 3199 1246 3238 re-

156 3256 225 3306 tivo.
250 3255 377 3305 Eiusdem
395 3251 505 3314 generis
521 3254 588 3301 naec
606 3261 679 3318 sunt,
721 3252 870 3316 mundent.
912 3255 947 3317 6,
973 3259 990 3304 2
1016 3252 1042 3312 S.
1062 3256 1080 3302 6
1103 3255 1246 3309 delectum

157 3336 229 3388 quae
250 3322 424 3373 substantivo
441 3319 559 3370 additum
582 3322 680 3371 habeut
720 3320 868 3371 iuniorum
885 3319 984 3372 tatuit
1008 3312 1067 3382 itu,¹
1093 3325 1128 3373 ut
1147 3326 1246 3378 senio-

157 3394 286 3442 veroum:
305 3391 366 3442 cir.
384 3393 409 3450 1,
426 3393 443 3439 3
461 3387 520 3447 §.7
538 3388 680 3440 dicuntur
721 3402 771 3441 res
790 3403 900 3454 qnoque
919 3393 1017 3455 quitus
1035 3392 1143 3456 aliquid
1157 3397 1246 3447 rotc-

157 3462 245 3512 etium
262 3475 281 3512 a
298 3458 445 3511 nonnullis
456 3459 629 3525 sententiae,
645 3461 680 3510 ut
720 3458 765 3508 ris
783 3463 966 3524 superesset,
984 3462 1016 3511 in
1030 3462 1118 3511 certa
1130 3478 1184 3514 suu
1197 3467 1246 3516 irc·

156 3529 249 3595 leuati
271 3531 311 3580 uel
332 3529 486 3580 Gaesarem
508 3529 678 3579 mittuntur.
721 3529 805 3579 ratos
822 3531 1015 3582 centuriaret.
1042 3537 1070 3578 et
1087 3533 1113 3593 7,
1127 3536 1162 3582 23
1180 3533 1206 3592 S.
1215 3538 1244 3593 3.

157 3599 193 3649 io.
210 3600 245 3663 3,
262 3600 296 3647 16
314 3597 342 3658 s.
359 3594 377 3647 t
397 3596 523 3659 Pompeii
540 3609 680 3648 summum
775 3597 801 3658 S.
815 3600 841 3648 2.
860 3601 917 3649 itae
935 3599 995 3665 res]
1016 3599 1093 3647 ilaec
1111 3605 1245 3663 usquead

158 3678 221 3718 esse
239 3678 274 3718 ac
293 3666 388 3734 fnium
402 3677 517 3730 semper
537 3670 680 3724 ¹orolrcutu·
721 3666 826 3718 initium
853 3682 878 3718 o.
900 3670 917 3718 6
942 3677 1054 3719 narrata
1078 3666 1183 3720 caesar
1208 3686 1245 3723 ex

157 3738 234 3799 tem,
263 3737 297 3784 ut
326 3736 568 3798 componerentur
591 3739 680 3801 utque
720 3738 844 3800 pluribus
864 3739 1017 3802 legatorum
1036 3747 1146 3788 suorum
1164 3741 1244 3792 litte-

157 3805 192 3856 ut
212 3803 304 3855 armis
327 3805 536 3856 accederetur.
571 3804 608 3854 ib.
626 3807 678 3857 1⁰2
719 3807 760 3857 ris
783 3807 957 3869 excerpsisse
980 3807 1104 3870 videtur,
1129 3823 1243 3870 quorum

157 3874 220 3935 §.2
244 3873 312 3925 erat
333 3873 460 3924 comtum
476 3873 603 3938 Pouopeii
624 3887 678 3924 no·
720 3875 848 3926 aliusue
871 3877 1023 3928 rumoribus
1047 3889 1096 3938 per
1122 3879 1242 3930 Galliam

157 3939 233 3994 utine
249 3939 408 4004 Auentinen·
422 3944 616 4006 propositum,
633 3943 679 3994 uti
721 3945 872 4011 dissipatis,
886 3946 1002 3995 aliusue
1014 3944 1242 4008 principumcou-

158 4022 256 4062 omnes
270 4011 332 4061 etus
347 4011 519 4073 prouinciae
535 4013 678 4077 iuniores,
720 4013 794 4064 ciliis
819 4023 847 4064 eo
870 4027 939 4078 quae
963 4014 1000 4064 ibi
1022 4015 1127 4078 agitata
1148 4027 1243 4068 essent

156 4079 264 4132 maeri
279 4080 410 4144 duosque
422 4082 556 4151 Bouiani,
573 4083 677 4135 turon-
720 4083 853 4147 consilia,
886 4083 958 4133 alius
979 4085 1100 4135 tortasse
1126 4088 1159 4135 ue
1182 4087 1242 4154 illo,

157 4149 189 4202 ut
203 4160 294 4205 cause
308 4150 507 4203 convenirent.
719 4154 789 4217 quoi
812 4165 837 4208 c.
862 4153 879 4202 2
906 4151 1037 4218 scriptum
1063 4156 1125 4217 est,
1154 4155 1243 4223 oeque
