2700 4726
195 266 263 335 476
442 267 515 337 DE
547 266 732 336 adito
766 267 1016 342 deduco

195 457 282 523 colle
303 458 338 525 in
357 457 613 545 longitudinem,
632 462 672 523 ol
685 464 805 524 natura
821 459 944 526 montis
959 456 1103 538 ferebat,
1124 477 1164 523 ex
1181 478 1284 544 gran·

195 542 296 611 dibus
319 549 410 614 saxis
432 569 490 612 sex
510 544 632 633 pedam
657 567 800 627 merrom,
822 547 881 634 qui
900 554 1093 613 nostrorum
1115 545 1282 634 impetum

193 634 358 714 tardaret,
382 633 628 720 praeduxerant
649 633 743 700 Galli
768 643 868 721 alque
890 635 1050 700 inferiore
1064 634 1154 699 omni
1167 639 1282 721 spatio

192 740 297 787 vacuo
319 726 438 789 relicto
462 722 669 808 superiorem
694 731 825 810 partem
848 726 947 789 collis
963 743 1072 810 nsque
1086 721 1129 787 ad
1147 744 1283 788 murum

150 807 171 872 4
193 808 311 897 oppidi
338 811 551 876 densissimis
578 809 701 875 castris
730 813 991 897 compleverant.
1035 808 1166 876 Milites
1199 808 1282 877 date

193 899 289 981 signo
311 900 469 963 celeriter
483 897 534 971 ‚ad
557 898 773 981 munitionem
794 899 996 988 perveniunt
1010 919 1151 985 eamque
1167 904 1283 964 trans-

148 980 171 1046 ὅ
192 985 304 1068 gressi
324 988 425 1053 trinis
448 984 571 1050 castris
592 988 779 1073 poliuntur.
823 987 879 1052 Ac
900 994 994 1051 tanta
1016 986 1084 1050 fuit
1103 987 1281 1052 incastris

189 1073 364 1162 rapiendis
392 1074 572 1154 celeritas,
604 1082 644 1138 ut
663 1073 906 1156 Teutomalus,
941 1095 999 1139 rex
1024 1072 1293 1160 Nitiobrogum„

256 1279 286 1333 in
303 1281 511 1345 longitudinem]
537 1281 588 1332 οι.
606 1280 655 1332 co.
677 1282 704 1332 s.
728 1279 806 1331 Leid.
824 1275 858 1332 A.
877 1280 963 1331 Dorv.
983 1281 1056 1332 liar.
1077 1280 1110 1330 A.
1131 1280 1213 1333 Vind.
1232 1277 1282 1333 Al.

222 1350 272 1402 Gr.
290 1355 333 1409 ab.
350 1356 437 1404 vase.
454 1355 492 1401 st.
513 1351 628 1410 (lircil.)
642 1351 710 1401 ond.
727 1351 758 1400 ιἰι
774 1351 953 1416 lonpitadine
972 1346 1110 1416 ‚‚rcliqui“
1127 1350 1185 1401 Pet.
1202 1351 1281 1400 (icat.

220 1420 305 1472 Voss.
324 1419 358 1470 A.
376 1425 452 1487 ligm.
471 1423 554 1481 Bene.
574 1421 630 1470 AG.
649 1421 712 1471 Par.
728 1425 763 1471 A.
783 1421 841 1469 Pal.
861 1422 910 1470 Dr.
923 1421 981 1469 All.
1001 1421 1079 1471 Vrat·
1097 1416 1176 1471 ABG.
1197 1420 1280 1470 Goth.

218 1488 252 1609 ξ.
285 1492 383 1543 Hami-
415 1492 498 1551 (Gu.)
531 1489 614 1542 vind.
637 1489 691 1540 ΒΒ.
718 1489 841 1553 reliquae
866 1490 928 1539 edd.
970 1488 1014 1540 Cf.
1038 1489 1100 1541 adn.
1124 1500 1165 1551 cr.
1189 1490 1225 1543 ad
1251 1492 1280 1554 2,

253 1557 314 1687 ἐῶ
333 1625 681 1688 Ac1attioth.ll,vind.
700 1626 722 1676 1.
758 1625 800 1678 cl.
819 1627 880 1677 adn.
900 1638 940 1678 cr.
957 1629 992 1678 ed
1008 1631 1036 1693 6,
1054 1623 1089 1686 41
1109 1625 1136 1688 s.
1153 1630 1180 1679 2.

172 1734 180 1749 ..
254 1696 444 1765 Teutomatus]
477 1699 554 1749 Lcid.
573 1702 608 1746 A.
633 1702 661 1744 et
679 1697 708 1744 Β.
743 1695 801 1746 llos
822 1705 897 1746 certe
916 1696 984 1750 oud.
1005 1697 1144 1760 volgatam
1161 1705 1280 1746 servare

220 1763 299 1833 dicit,
319 1780 390 1833 qnae
406 1772 496 1818 tamen
516 1767 578 1816 inde
595 1764 630 1812 ab
643 1764 715 1813 Aldo
730 1776 816 1826 nsque
832 1767 867 1814 ad
885 1765 972 1826 ipsum
987 1774 1047 1817 erat
1060 1767 1279 1829 Tlrectometaa

218 1837 289 1898 quod
316 1838 360 1884 eet
383 1835 410 1885 in
432 1837 512 1885 vind.
531 1834 561 1884 0.
585 1833 785 1884 teatlomctus
803 1831 884 1883 vind.
902 1835 925 1885 1.
953 1837 1122 1886 Votomatas
1138 1836 1223 1900 Bong.
1242 1838 1279 1884 A.

218 1904 286 1959 Per.
305 1905 334 1953 Β.
358 1905 430 1954 liar.
450 1908 483 1957 A.
508 1903 590 1954 Vind.
609 1907 642 1952 A.
668 1903 800 1966 „Vitem
828 1900 904 1951 cn.“
926 1905 1097 1956 retenemus
1120 1904 1171 1957 Cu.
1190 1904 1275 1954 Febr.

218 1973 397 2027 Notomclue
416 1973 515 2037 „elii“
535 1973 594 2021 l‘al.
613 1972 693 2022 Vrec.
713 1970 744 2022 G.
764 1973 844 2022 (ioth.
864 1974 894 2025 Β.
912 1973 993 2022 Vind.
1015 1975 1045 2025 Β.
1069 1977 1277 2036 veterascentes

220 2040 325 2110 ,‚elli“
351 2044 434 2094 Voss.
452 2046 486 2093 A.
515 2043 585 2094 ch.
612 2041 675 2092 Par.
695 2043 728 2092 A.
752 2042 800 2090 Βι.
818 2041 850 2092 Β.
874 2044 902 2091 et
918 2055 975 2094 sec.
991 2044 1060 2100 Wi.
1079 2045 1153 2095 Gott.
1170 2057 1206 2101 ex
1223 2055 1276 2106 que

217 2111 301 2164 Fanr.
330 2114 539 2175 Votomapccus
563 2111 653 2161 effert.
679 2113 889 2173 Vecemapctac
911 2108 1014 2176 „alii“
1039 2114 1096 2171 Pet.
1117 2126 1174 2164 sec.
1191 2113 1275 2163 Febr.

217 2182 346 2234 ciconii.
375 2184 577 2244 Vicomapctns
596 2181 654 2229 Pet.
673 2193 731 2230 sec.
757 2181 824 2231 oud.
847 2182 1049 2246 Votomcpalas
1066 2183 1117 2232 Gn.
1137 2185 1276 2233 Valame-

216 2254 304 2317 palas
327 2250 433 2315 „sitv‘
456 2254 531 2310 ilem
555 2251 636 2299 Vrat.
657 2250 689 2298 A.
707 2249 922 2312 Notemapotes
943 2251 1020 2317 „alil
1039 2260 1067 2301 eo
1087 2249 1163 2301 inc.“
1185 2254 1275 2302 Voto-

216 2324 351 2371 nomctus
370 2317 451 2372 Vind.
469 2321 503 2370 Β.
525 2321 719 2380 Votaomatos·
732 2319 779 2369 Dr.
798 2323 832 2371 A.
858 2321 1044 2371 antemnates
1061 2321 1145 2375 vind.
1163 2322 1192 2370 Β.
1210 2320 1277 2373 Νο-

216 2393 396 2453 comapntas,
414 2390 442 2438 in
461 2403 496 2442 m.
515 2401 533 2438 a
549 2401 583 2436 ιιι.
601 2400 658 2434 sec.
675 2389 878 2449 sauromatae,
897 2391 977 2439 Vrat.
996 2391 1027 2437 Β.
1049 2391 1170 2441 rotoma
1187 2392 1276 2454 paler

214 2458 311 2511 Bamb.
331 2459 499 2507 Votimarac
516 2458 591 2506 Perr.
610 2455 680 2505 illst.
699 2455 742 2517 18,
760 2454 786 2508 t.
804 2452 982 2520 Ταυτόμανιι
997 2461 1062 2505 Met.
1081 2461 1275 2512 Fontomntao

214 2538 309 2589 margo
326 2526 406 2577 (ioth.
427 2528 456 2576 Β.
477 2529 505 2574 et
521 2527 579 2574 edd.
598 2533 662 2573 ante
684 2524 745 2572 Ald.
779 2524 823 2573 Cf.
841 2525 904 2572 adn.
924 2536 963 2573 cr.
981 2526 1016 2573 ad
1033 2536 1058 2578 c.
1077 2529 1111 2577 at
1129 2526 1156 2587 §-
1173 2528 1200 2579 5.

251 2597 459 2659 Nitiobrogum,
477 2595 561 2645 Voss.
577 2593 610 2640 A.
632 2594 708 2654 Egm.
729 2592 801 2642 Golt.
819 2591 907 2642 Febr.
925 2593 1009 2656 Bnng.
1027 2595 1060 2642 A·
1080 2594 1122 2643 Pl.
1147 2598 1219 2648 liar.
1239 2599 1274 2647 A.

214 2665 295 2717 Vrat.
315 2666 373 2717 All.
398 2666 450 2716 (in.
475 2666 504 2714 et
527 2674 602 2716 cerr.
626 2659 654 2711 in
673 2661 715 2712 tio
733 2662 780 2712 Dr.
799 2662 835 2712 A.
854 2674 873 2712 a
888 2673 923 2711 m.
940 2673 982 2726 pr.
1001 2661 1209 2733 reticereque
1224 2668 1272 2718 Βι.
1332 2711 1335 2715 .

107 2888 113 2896 ,
177 2837 241 2889 nam
266 2837 357 2888 autem
381 2835 491 2902 ipsum,
520 2833 546 2888 sl
562 2834 705 2888 circuitus
746 2833 973 2899 promererent
1003 2836 1169 2888 suffecisset.
1217 2841 1276 2891 sed

176 2907 314 2958 notionem
337 2907 486 2971 significat,
505 2918 562 2956 non
582 2907 703 2970 proprie,
748 2910 850 2956 natura
866 2906 969 2956 mentis
986 2918 1021 2958 ea
1038 2911 1110 2973 erat,
1129 2912 1161 2959 ut
1177 2908 1273 2973 longi-

176 2977 703 3042 scditaintelligendumestutascen-
747 2975 851 3025 tudinis
874 2975 947 3026 ratio
971 2989 1027 3028 non
1050 2977 1152 3041 ubique
1174 2980 1274 3032 haberi

176 3047 274 3097 dentes
299 3058 354 3097 non
379 3048 468 3097 solum
486 3047 564 3097 recta
579 3048 704 3114 regione,
747 3046 902 3109 potuisset..
930 3047 990 3107 Qua
1007 3047 1276 3111 igilurinremon-

177 3117 228 3169 sed
251 3116 337 3167 etiam
360 3130 411 3179 per
433 3117 587 3166 amfractus
611 3117 654 3166 ire
675 3120 705 3167 et
748 3116 785 3165 tis
807 3119 927 3166 naturae
949 3117 1054 3180 aliquid
1071 3118 1203 3171 minctum
1218 3120 1274 3170 tri-

174 3187 230 3237 lroc
249 3186 360 3237 itineris
379 3198 466 3250 genus
486 3199 549 3237 cum
565 3187 616 3237 illc
634 3197 703 3237 con·
745 3187 935 3248 luendumque
957 3187 1060 3253 inerit,
1110 3199 1161 3240 aec
1182 3192 1274 3242 verba

173 3254 292 3320 iungere
321 3257 486 3320 cogitentur.
529 3255 589 3315 Qua
613 3255 702 3306 inter·
745 3254 906 3320 significant
929 3258 957 3306 et
975 3269 1063 3308 unae
1127 3261 1273 3323 sequenti-

173 3326 335 3387 pretatione
369 3325 494 3376 adhibita
529 3325 712 3391 tautologiae.
744 3327 796 3376 bus
814 3338 920 3376 murum
936 3339 993 3377 non
1010 3328 1166 3380 adflineam
1183 3340 1272 3391 prac-

172 3396 294 3460 specles,
313 3406 395 3459 quam
411 3397 561 3446 verborum
573 3408 702 3447 accesse-
744 3396 853 3445 ductum
867 3397 975 3460 docent,
988 3398 1038 3447 scd
1050 3398 1099 3459 its,
1111 3401 1148 3450 et
1159 3401 1274 3452 notura

172 3467 227 3516 rot
252 3468 282 3516 et
303 3466 427 3531 anaclet
451 3467 608 3516 coniunctio
632 3477 701 3528 pree
743 3465 999 3532 montesorello,
1025 3467 1058 3517 de
1076 3479 1132 3531 qua
1147 3468 1271 3521 dictione

172 3546 206 3584 se
222 3535 302 3586 ferre
319 3536 477 3600 videbatur,
494 3536 648 3586 evanescit.
741 3538 779 3587 cl.
796 3536 859 3584 adn.
879 3537 915 3586 ed
930 3534 959 3599 4,
973 3539 1009 3588 32
1024 3536 1052 3597 s.
1069 3539 1094 3589 1.

222 3602 287 3664 §.3
311 3605 340 3656 in
357 3603 570 3672 longitudinem]
605 3606 697 3654 Meta·
793 3604 970 3657 densissimis
986 3609 1104 3667 castris]
1125 3607 1269 3671 „conter-

171 3672 304 3735 plrrasees
337 3676 407 3724 lraec
437 3675 475 3724 ad
502 3674 699 3736 praecedentia
740 3673 859 3725 tissimis
872 3676 1001 3728 tentoriis
1015 3674 1270 3731 etmoerncculis“

171 3742 314 3805 portinere
336 3745 454 3807 opinans
478 3739 536 3796 dno*
561 3737 590 3793 dl
611 3738 698 3809 μέσον
740 3744 941 3798 Hotomannus.
997 3747 1077 3807 Quae
1116 3748 1268 3810 explicatio

154 3804 267 3874 -ιιχιδὸν
285 3805 335 3861 τοῦ
351 3807 455 3876 μήκους
470 3807 520 3865 τοῦ
536 3806 697 3878 deomena?
739 3816 926 3875 praeferende
955 3817 1000 3866 est
1029 3829 1086 3868 non
1115 3819 1197 3870 modo
1229 3819 1266 3884 ei,

170 3873 225 3940 eda
242 3873 323 3944 picea
338 3877 697 3946 λίθοις-ᾠκοδομήκεσαν
740 3895 822 3945 qnam
858 3886 1009 3936 secundom
1045 3888 1267 3951 metaphrasten,

170 3948 260 3998 vertit
267 3962 276 4011 ;
294 3950 433 4010 pertinent
444 3963 513 4002 vero
525 3953 560 4002 ad
574 3963 696 4015 sequen·
739 3954 786 4016 qui
817 3951 929 4009 molleis
956 3951 1153 4020 στρατοπέδοις
1174 3957 1267 4009 inter-

170 4015 213 4087 tie
230 4019 259 4068 ct
275 4018 426 4085 regionem,
445 4032 500 4084 que
516 4022 615 4072 ductos
634 4021 696 4071 erat
738 4025 865 4087 prelatus
882 4027 935 4093 est,
952 4019 1069 4077 Davisio
1087 4027 1183 4077 tribea
1198 4030 1267 4079 ante

169 4096 277 4157 marus,
290 4088 495 4154 demonstrant3
509 4091 696 4156 qnaesiomni
739 4093 916 4147 damdslmls
940 4095 1113 4148 desideranti
1136 4098 1270 4161 opposuit

170 4159 253 4221 μιιο
283 4157 402 4221 directa
427 4159 548 4231 luisset,
580 4164 696 4216 verbum
710 4162 873 4228 „claritas
890 4163 936 4218 hio
953 4164 1069 4220 verbm:
1096 4167 1268 4221 innomine
