2700 4726
436 313 546 433 pru.
568 314 651 388 vn.
696 315 818 403 cnr.
836 322 883 391 or
1139 328 1206 394 cer

113 503 220 567 'stolio
244 499 400 581 deducit,
429 505 580 590 equitum
603 511 735 593 partem
766 516 803 573 so
819 511 948 594 sequi,
978 509 1109 597 portem
1138 514 1205 579 oir-

115 591 244 654 cumiro
266 590 453 655 exteriores
473 593 675 660 munitiones
697 604 733 660 et
758 595 800 659 ab
814 603 915 680 tergo
938 594 1053 664 hostes
1076 597 1221 666 adoriri,

114 676 222 744 iubet.
274 674 463 759 Labienus,
490 689 671 768 postquam
700 703 808 770 neque
838 704 977 769 aggeres
999 706 1105 771 nequo
1134 686 1246 752 ios-5

113 785 173 830 see
200 763 266 830 vim
293 764 438 831 hostium
466 768 636 835 sustinere
664 777 839 858 poterunt,
874 773 1001 838 couotis
1033 772 1205 861 undeque·

181 979 287 1032 partem
305 973 350 1031 se]
377 974 449 1027 llev.
468 975 502 1024 A.
525 973 607 1028 vind.
624 979 656 1027 A.
680 988 712 1028 se
728 989 757 1040 p.
782 979 852 1033 Anti·
878 978 928 1030 01.
957 976 1006 1029 Co.
1026 979 1056 1027 S.
1076 978 1153 1035 beid.
1171 983 1204 1032 A.

148 1040 211 1089 Ald.
229 1052 288 1104 sqq.
306 1053 370 1092 sese
387 1057 417 1106 p.
436 1044 471 1095 V.
492 1044 523 1096 c.
542 1046 609 1095 Vrs.
644 1046 768 1109 Reliquis
786 1050 814 1097 et
832 1047 912 1111 editis
931 1054 995 1097 ente
1012 1045 1110 1099 Alduru
1127 1050 1206 1100 deest

146 1120 312 1175 pronomen,
338 1112 417 1174 qnasi
436 1124 502 1175 pore
520 1114 638 1177 equitum
665 1116 743 1178 sequi
761 1117 914 1168 exteriores
934 1114 1113 1187 munitiones,
1137 1131 1203 1182 pers

147 1178 291 1228 circumire
307 1179 443 1231 iubeatur.
478 1183 536 1232 Nec
555 1183 624 1233 setis
642 1186 705 1245 apte
723 1183 791 1234 illud
807 1183 879 1237 ister
895 1180 1023 1249 equitum
1039 1187 1069 1235 et
1085 1189 1203 1250 portem

147 1247 235 1298 instar
259 1247 379 1299 enclitici
404 1250 557 1317 delitescit,
581 1255 610 1302 et
627 1255 691 1303 ante
713 1255 941 1321 sequicxcidere
956 1248 1089 1307 'facillime
1106 1257 1201 1321 potuit.

146 1312 219 1366 Idem
241 1317 331 1368 visum
350 1326 394 1368 est
414 1319 533 1381 Apitzic.
942 1317 946 1325 ’
1066 1355 1070 1362 ·
1155 1320 1159 1327 ’

183 1400 210 1462 S.
232 1402 248 1453 5
267 1403 335 1463 viru]
355 1409 550 1458 escuelles.
570 1408 604 1455 A·
624 1406 706 1456 Viud.
725 1409 759 1460 A.

182 1471 300 1532 coactis]
318 1477 436 1526 coactus
455 1477 514 1529 Pet.
533 1474 725 1525 recondet
744 1474 1031 1535 conu.(tee.1labr.)
1105 1504 1109 1509 -
1158 1502 1162 1513 ·

181 1543 447 1608 undequadraginta]
465 1545 526 1596 Ber.
546 1557 603 1595 sec.
622 1546 716 1596 lirant.
734 1546 821 1595 vaso.
839 1547 877 1594 st.
896 1545 946 1595 tir.
961 1545 985 1593 b.
1003 1545 1116 1604 (Frell.)
1132 1545 1201 1597 (iod.

146 1614 171 1660 2.
189 1611 265 1662 uode
281 1611 337 1664 XL
355 1615 438 1678 lloug.
452 1617 486 1665 A.
507 1614 551 1668 Pl.
567 1627 627 1666 uno
647 1613 681 1666 de
700 1613 898 1680 quodraqtnto
916 1615 997 1678 Bong·
1011 1610 1044 1666 A.
1061 1626 1121 1665 sec.
1134 1612 1202 1666 eud.

110 1779 183 1832 enim
203 1783 343 1846 cohortes,
362 1795 416 1835 non
433 1783 636 1849 deduciiubet,
678 1783 721 1834 eis
744 1786 838 1850 esset,
860 1782 928 1835 nibil
951 1783 1128 1857 impediebat,
1149 1792 1203 1850 quo

110 1853 139 1901 et
165 1860 214 1913 per
245 1851 368 1903 declivio
396 1855 426 1903 et
450 1854 563 1905 deuecta
593 1867 636 1918 eo,
679 1855 768 1903 mlnus
790 1854 961 1915 intempore
982 1854 1042 1905 illic
1065 1850 1201 1905 adessent.

111 1931 164 2034 ffuo
188 1920 331 1987 tendebat,
361 1922 438 1972 venit
462 1936 487 1973 c.
505 1923 542 1973 88
564 1921 591 1984 S.
611 1923 636 1972 1.
679 1924 722 1972 Ab
740 1922 862 1974 hostibus
880 1925 990 1987 eutem,
1006 1922 1053 1986 qui
1070 1920 1203 1973 olibi-oc-

127 1988 212 2038 isdem
233 1990 343 2039 veroin
360 1991 480 2054 centris,
499 2002 552 2054 qoo
569 2004 635 2052 pro·
678 1990 849 2053 cupetlssiuri
866 1999 894 2041 et
910 1995 996 2054 paulo·
1008 1994 1072 2041 unte
1094 1993 1135 2050 (c.
1152 1992 1202 2049 80)

111 2057 210 2107 ximum
227 2057 293 2107 illud
317 2061 459 2110 castellum
477 2058 635 2124 pertineret,
678 2072 778 2121 magne
794 2059 932 2123 equitatus
949 2060 1029 2110 cl'ade
1042 2058 1137 2110 illecti
1152 2058 1201 2108 es·

111 2129 160 2176 eut
190 2125 251 2175 inde
281 2126 316 2178 eb
344 2127 420 2178 initio
450 2138 498 2179 aut
520 2129 568 2181 illo
590 2130 634 2179 die
678 2131 756 2195 sent,
773 2128 929 2180 ltereororn
947 2129 994 2178 vel
1008 2139 1063 2179 uon
1077 2128 1203 2178 animuu-

81 2232 85 2239 ,
111 2197 190 2245 iussu
208 2194 337 2246 caeseris
353 2197 399 2247 vel
416 2210 521 2249 omnem
538 2202 639 2249 Romu·
681 2211 791 2249 versum
818 2199 863 2247 vel
889 2210 941 2249 non
972 2196 1126 2261 impeditum
1149 2195 1202 2259 iri,

111 2276 207 2314 uorum
225 2262 373 2327 equitatum
393 2270 438 2318 vel
455 2271 559 2329 partem
577 2266 637 2317 eius
681 2267 740 2318 iure
756 2276 871 2328 operere
883 2264 989 2317 (leesor
1002 2264 1116 2328 peteret.
1143 2264 1202 2315 lto-

111 2333 201 2382 iuisse
221 2344 273 2382 non
296 2335 384 2398 magis
408 2348 426 2387 e
450 2350 518 2389 vero
536 2337 637 2388 ebbor-
680 2349 732 2400 qne
750 2349 784 2385 ne
801 2338 869 2386 boec
885 2335 991 2398 quidem
1009 2343 1083 2385 recte
1098 2333 1203 2384 notovit
1307 2392 1310 2397 ,

111 2409 175 2464 ret,
205 2412 284 2462 quern
307 2404 459 2467 ubicunque
484 2409 637 2458 castrorum
679 2403 892 2468 llerliuglrierius
914 2403 1025 2467 p.1bb;
1044 2398 1205 2467 'qnemctitu‘

112 2471 217 2532 equites
230 2473 340 2529 essent,
356 2471 418 2523 inde
433 2476 463 2523 et
476 2474 553 2538 sequi
566 2475 637 2525 coe·
678 2473 792 2535 reliquis
809 2472 1003 2534 interpretibus
1020 2474 1137 2525 mexiure
1153 2474 1204 2521 boo

67 2554 74 2559 ·
112 2551 204 2589 sorem
229 2541 358 2590 ebolium
384 2540 529 2605 quemlibet
547 2545 637 2594 locum
680 2542 795 2603 retollit,
823 2543 894 2604 quod
918 2541 1025 2604 equites
1045 2541 1204 2593 collem-sm

112 2617 206 2672 petere
223 2608 309 2657 iuberi
328 2618 355 2658 et
380 2611 457 2662 insse
474 2614 569 2664 iecere
586 2623 637 2674 po·
678 2610 798 2662 Antistio
835 2618 864 2660 et
898 2609 1012 2663 caninio
1043 2613 1204 2677 occupatum

112 2679 209 2727 tuisse.
250 2678 350 2726 'l'emen
374 2680 586 2744 Berlinglrierius
610 2695 636 2743 p.
679 2681 830 2733 oscendere
854 2682 882 2730 et
907 2678 945 2729 ibi
968 2681 1071 2731 trustes·
1086 2692 1105 2732 e
1122 2683 1205 2744 terge

113 2749 166 2797 163
183 2747 254 2795 luter
270 2746 456 2813 incredibilia,
473 2760 543 2812 quoe
559 2748 637 2800 buius
679 2747 783 2800 adoriri
800 2747 892 2799 iussos
906 2761 972 2799 esse
988 2751 1128 2810 poterunt.
1174 2784 1179 2792 -

97 2828 221 2878 ‚pugnae
249 2814 425 2878 descriptioni
455 2816 535 2869 idem
558 2818 638 2868 dero·
732 2817 759 2879 8.
774 2816 791 2869 5
808 2829 895 2880 neque
910 2829 1027 2882 aggeres
1043 2830 1131 2881 neque
1144 2818 1205 2868 tos·

113 2893 193 2952 gent,
227 2886 277 2934 boc
303 2885 415 2946 primum
438 2889 534 2951 notet,
567 2886 638 2948 quod
681 2887 745 2946 see]
768 2888 921 2936 castrorum
940 2888 1022 2948 etque
1038 2885 1206 2936 exteriorum

111 2966 167 3005 non
195 2961 344 3020 apparent,
377 2956 507 3018 quomodo
534 2953 639 3005 coesus
681 2954 855 3007 munitionum
879 2955 914 3004 sd
938 2957 1033 3005 cestre
1053 2955 1094 3004 ite
1118 2954 1206 3018 pcrti-

114 3022 220 3086 equites
245 3034 312 3072 suos
336 3025 366 3074 ln
382 3036 463 3074 unum
484 3025 572 3075 locum
588 3034 638 3074 cu·
680 3025 817 3090 nentium,
836 3027 868 3074 ut
884 3035 910 3072 c.
927 3022 963 3074 85
981 3023 1009 3083 s.
1027 3027 1045 3073 6
1062 3021 1205 3086 eumdem

113 3104 181 3158 gere
198 3093 324 3155 potuerit.
680 3096 738 3144 tum
758 3094 809 3142 esl.
850 3094 891 3143 lle
914 3092 983 3142 solis
1003 3091 1104 3144 cestris
1117 3090 1206 3156 eogi-

165 3161 309 3214 circomire
335 3159 488 3212 exteriores
510 3159 639 3211 munitio·
681 3160 738 3213 teri
759 3173 846 3224 neque
865 3161 978 3224 pluralis
1003 3173 1135 3213 numerus
1154 3165 1206 3211 ne-

113 3235 178 3291 ues]
201 3231 289 3281 Aliter
306 3232 357 3281 boc
373 3230 472 3282 dictum
487 3243 551 3281 esse
566 3237 640 3292 putet
682 3244 735 3297 que
763 3228 805 3296 id,
837 3231 907 3293 quod
928 3232 1023 3284 iecere
1050 3231 1207 3280 obiecisse

113 3308 197 3362 atque
211 3298 374 3352 drcomitts
387 3298 514 3352 bostium
530 3299 640 3351 eastris
682 3299 831 3353 stlenum
845 3296 1002 3363 accipimus,
1021 3297 1133 3363 petitur.
1153 3300 1207 3348 sed

114 3374 147 3432 3,
167 3368 201 3419 25
219 3369 247 3430 s.
263 3371 289 3419 2.
323 3371 385 3421 lton
401 3381 504 3422 omneru
521 3369 563 3420 illi
578 3383 639 3420 ruo·
681 3372 778 3422 cestro
793 3380 899 3432 quoque
916 3367 970 3419 vim
989 3369 1104 3421 bostium
1121 3366 1207 3419 susti·

113 3437 244 3488 ultionum
268 3438 410 3490 circuitum
436 3439 559 3504 emetiri,
590 3441 640 3489 sed
683 3452 749 3492 uere
766 3442 821 3490 nori
838 3436 959 3500 potuisse
976 3451 1024 3488 ses
1041 3439 1103 3499 lpse
1118 3439 1208 3500 docet,
1254 3496 1261 3508 ἱ
1297 3498 1299 3503 y

114 3514 221 3572 portem
244 3506 389 3558 circumire
417 3519 478 3558 seur
502 3509 641 3573 iubentur,
683 3521 763 3573 quom
801 3506 918 3570 scriptor
950 3519 1005 3558 non
1032 3506 1209 3565 dissimulans

114 3587 185 3639 quoe
219 3576 298 3643 inde,
333 3578 404 3626 uode
438 3579 641 3642 egrederentur,
684 3583 1103 3640 tumeuexpugnetectstrenou
1116 3579 1210 3626 osteu-

115 3647 255 3708 usquead
275 3648 386 3711 nostes,
410 3659 479 3711 quos
498 3648 642 3699 adorirer·
686 3648 742 3710 dit,
767 3648 815 3697 sed
837 3647 878 3697 ite
894 3647 981 3698 verbs
1001 3644 1088 3711 tecit,
1111 3648 1143 3696 ut
1163 3645 1210 3697 rel

115 3717 178 3778 tur,
199 3715 355 3776 pertineret.
392 3715 458 3768 cum
477 3728 545 3766 vero
565 3724 643 3766 exte·
684 3717 792 3765 eiectae
815 3717 862 3766 vel
879 3717 995 3766 eduma
1012 3729 1030 3766 e
1049 3714 1151 3781 legetis
1166 3715 1209 3764 le-

116 3785 208 3837 riores
220 3783 384 3837 munitiones
396 3784 476 3836 xiv.
486 3784 563 3836 milis
577 3797 644 3848 pus·
686 3787 783 3850 moues
797 3783 968 3838 coniunxisse
981 3796 1013 3833 se
1028 3784 1150 3836 Labieno
1164 3781 1211 3834 vl·

116 3867 196 3904 suoru
217 3854 380 3907 incircuitu
400 3861 526 3905 tenentes
549 3859 589 3912 (c.
608 3852 645 3907 rt
687 3857 811 3906 deentur.
848 3852 920 3905 illud
937 3865 1005 3919 verq
1030 3854 1138 3905 dubium
1157 3860 1211 3919 est,

116 3921 148 3983 s.
165 3925 197 3982 1)
219 3925 308 3975 tribus
333 3936 367 3974 ex
387 3923 509 3987 portibus
527 3924 644 3976 collibus
688 3933 741 3988 quo
764 3933 830 3986 ergo
860 3924 966 3988 legebus
992 3922 1083 3975 suino
1107 3924 1213 3975 cresur

116 3991 241 4045 Alesiam
265 3993 453 4060 cingentibus,
486 3997 585 4056 quarte
610 4005 644 4043 ex
688 3994 852 4045 mentionem
869 4004 961 4044 eorum
979 4002 1043 4056 post
1060 4006 1086 4046 c.
1105 3992 1141 4045 83
1155 3991 1213 4053 §.8

116 4068 198 4126 porte
223 4064 335 4127 planitie
354 4063 574 4128 continerentur,
602 4064 645 4112 lo-
688 4062 796 4114 omniuo
812 4062 915 4113 nolimu
931 4063 1038 4115 lecerit.

117 4144 212 4185 corum
227 4134 374 4198 distentia,
391 4132 500 4183 etiomsi
513 4132 548 4197 is,
565 4143 645 4195 quem
740 4131 876 4198 poterunt]
890 4127 1078 4194 Imperfectum
1088 4129 1214 4192 expost-

116 4204 259 4270 petcreut,
289 4217 324 4258 ex
347 4203 481 4258 dimetro
504 4200 646 4267 oppositus
691 4212 776 4266 esem
807 4201 996 4256 mmonctioue
1027 4200 1147 4266 pectens
1179 4196 1215 4249 sd
