2700 4726
402 308 506 382 llll.
529 311 610 382 vll.
656 311 777 383 CAP‘.
801 317 847 384 66
1095 321 1164 387 537

80 495 227 560 evocatis
250 514 353 582 equos
372 499 480 565 ⁴sutnit
498 497 745 590 Germanisque
769 475 955 607 distribuit.
1019 507 1075 572 66.
1105 501 1160 570 ln·

39 678 48 690 ²
112 672 192 723 vim.
210 670 242 723 (i.
264 673 293 722 et
316 683 334 722 a
357 685 393 722 m.
416 686 472 725 see.
491 677 520 731 b.
547 676 628 729 Gotb.
645 677 701 726 Ab.
725 675 806 728 vind.
826 630 985 730 ὒθῐᾶζωᾱ.
1002 685 1066 729 ante
1082 679 1158 740 bins.

113 742 154 789 lix
172 740 214 791 bis
232 742 283 793 sed
300 744 330 792 ei
353 753 372 790 a
390 743 528 795 codicibus
548 757 710 809 quamquem
728 761 782 799 666
796 749 867 811 γ6666
885 747 1006 810 firmum,
1031 757 1062 797 ut
1080 749 1158 799 vide-

113 811 193 860 batur
212 810 414 879 Oudendorpio,
434 824 512 876 quem
530 825 641 864 suorum
659 815 745 877 ipsius
761 816 891 867 rationem
909 818 997 866 miuus
1011 817 1156 882 diiigenter

111 877 242 930 babuisse
260 879 398 946 suspicor,
424 881 494 932 satis
511 889 602 933 tamen
619 885 704 934 tutum
722 897 787 934 esse
803 887 928 948 apparet.
961 885 1047 936 Multo
1065 894 1155 937 nutem

108 947 202 1067 mxu
223 960 273 1010 per
299 961 330 997 se
350 961 444 1000 verum
463 954 492 1001 et
512 952 547 1002 66
566 951 770 1015 amoenitatem,
794 965 875 1018 quam
892 962 1016 1017 crearet,
1040 954 1154 1005 electum
1222 1000 1224 1005 ⁴

109 1031 126 1078 p
167 1030 219 1087 us,
242 1030 322 1078 quam
349 1019 551 1082 perspicuitatis
569 1033 655 1072 causa
672 1023 791 1073 additum
815 1023 1021 1083 interpolatione
1040 1023 1154 1075 iudicari

110 1087 199 1136 debet.
233 1089 303 1136 Nam
329 1095 359 1137 ut
383 1089 472 1138 tuisse
494 1075 637 1141 uniamus
661 1091 794 1158 aliquem,
818 1093 923 1155 qualem
943 1091 1154 1155 ponitblipper-

109 1154 204 1221 deius,
231 1157 276 1217 qui
293 1156 416 1209 tribunos
433 1157 552 1209 militum
568 1159 596 1210 iu
614 1161 734 1221 equitum
751 1161 933 1211 Romanorum
950 1174 1087 1213 numerum
1106 1172 1153 1210 re-

109 1224 178 1274 ferri
199 1236 252 1275 666
269 1236 351 1286 posse
369 1225 553 1292 existimaret,
577 1229 638 1290 quid
657 1229 704 1279 tali
727 1229 830 1280 bomini
849 1240 950 1280 causae
969 1229 1056 1278 fuisse
1076 1227 1152 1279 dica·

108 1306 186 1355 mus,
211 1307 261 1342 cur
278 1307 330 1345 666
350 1297 436 1346 solum
454 1297 499 1359 et,
526 1298 574 1353 sed
591 1298 701 1360 insuper
718 1299 849 1347 adiiceret
873 1292 948 1351 aeti?
981 1299 1041 1349 Non
1064 1297 1151 1360 magis

108 1363 285 1422 probabiliter
303 1353 457 1423 iteriogius
480 1369 566 1417 ortum
586 1375 662 1428 putat
687 1379 721 1417 ex
741 1367 852 1418 scilicet
871 1366 999 1436 adverbio
1018 1366 1152 1428 simplicis

109 1431 289 1496 appositionis
307 1434 448 1496 equitibus
464 1435 605 1485 Romania
621 1440 710 1500 utque
728 1437 856 1488 euocatis
873 1435 1050 1498 explicandae
1066 1447 1153 1485 causa

107 1501 258 1561 adscripto:
275 1503 517 1554 Wabrscbelulicb
534 1507 571 1552 ist
588 1507 638 1556 sed
656 1509 685 1556 et
701 1507 862 1556 entstandeu
877 1517 928 1554 aus
942 1505 1060 1572 seilicet,
1077 1504 1150 1554 wel-

106 1571 172 1618 ches
192 1582 246 1620 von
265 1570 351 1621 ciuem
371 1572 516 1625 Glossator
532 1574 591 1623 dem
610 1575 758 1624 schlichten
777 1574 1046 1636 Apposicioussatze:
1070 1572 1151 1637 equi-
1183 1593 1186 1601 ·

106 1638 182 1688 tibae
201 1642 252 1687 etc.
278 1640 415 1704 belgeligt
440 1643 545 1692 wurde.
586 1644 679 1706 Neque
702 1644 774 1693 euim
798 1642 940 1705 scriptoris
966 1644 1051 1692 verba
1075 1642 1150 1691 eius-

103 1707 176 1756 modi
193 1708 398 1768 explicationem
422 1711 608 1773 requirebant,
634 1725 720 1775 neque
744 1713 856 1764 sedicet
872 1712 912 1765 ita
930 1711 1014 1762 scribi
1032 1712 1150 1776 solebat,

104 1785 136 1826 ut
153 1777 239 1827 iacile
256 1779 284 1826 in
302 1780 353 1829 ced
371 1781 401 1830 ei
420 1779 556 1840 corrumpi
572 1790 672 1840 posset.

139 1860 277 1920 evocatis]
296 1865 431 1916 evocatos
447 1865 506 1915 Pal.
528 1864 609 1914 Goth.
628 1866 658 1913 ll.

101 2015 126 2065 L
140 1943 233 2065 6566ἰὲ]
252 1947 278 1999 iu
292 1960 378 2013 marg.
394 1948 474 2000 Goth.
489 1952 523 2000 Α.
540 1940 659 2000 summit
677 1949 746 2005 ven.
760 1952 780 2000 l.
798 1949 899 2002 sinunt
913 1949 1009 1999 llamb.
1027 1945 1150 1999 assumit

129 2027 154 2064 et
174 2053 180 2065 .
227 2047 235 2065 .

69 2187 171 2236 turum
187 2214 222 2225 —
238 2186 377 2239 animatio
402 2200 514 2253 qnoque
538 2203 590 2256 pe·
632 2200 724 2256 esset,
742 2189 805 2253 quin
823 2188 1012 2251 multoplures
1029 2185 1099 2236 eunti
1117 2187 1151 2236 ab

67 2267 205 2316 aenaeae,
230 2257 280 2307 sed
298 2257 483 2309 eternorum
500 2262 590 2325 cique
632 2262 674 2311 iis
695 2266 818 2323 posseut3
846 2259 894 2308 sed
920 2257 1023 2308 ordinis
1047 2267 1152 2318 quoque

67 2322 191 2391 fraqam
208 2351 240 2365 -
257 2330 326 2392 apte
342 2329 588 2392 penencouricta.
632 2337 660 2380 et
679 2342 780 2379 census
803 2326 940 2387 equestris
957 2323 1094 2387 homiues,
1118 2325 1151 2372 tle

68 2393 215 2443 Vulcatius
245 2394 273 2445 in
307 2396 366 2447 vita
391 2397 484 2447 Avidii
514 2412 538 2450 c.
556 2400 588 2448 9:
632 2399 728 2463 quibus
747 2410 797 2447 usu
816 2396 925 2452 llnuuae
943 2404 1023 2464 atque
1042 2393 1103 2454 ipsa
1119 2402 1151 2443 re

67 2463 315 2529 Antiochensibus,
334 2464 384 2530 qui
397 2466 501 2518 Auidio
518 2467 589 2519 Occ-
631 2470 739 2520 iubente
753 2464 924 2526 cogitandum
939 2476 1003 2513 esse
1016 2468 1077 2523 post
1089 2459 1151 2510 sin-

67 2533 113 2582 nio
136 2537 361 2596 consenserant,
392 2536 443 2586 ceti
468 2539 498 2587 et
522 2538 588 2588 aliie
632 2551 723 2589 cerum
739 2538 832 2585 Morus
856 2539 884 2583 et
902 2532 987 2586 ceteri
1004 2531 1149 2581 intellexe-

67 2602 245 2669 civiiatibttc,
260 2615 332 2664 quus
345 2603 427 2654 itiam
440 2605 589 2668 iuuerunt,
632 2615 694 2658 runt
703 2640 712 2672 ,
728 2607 865 2667 aliquanto
883 2607 974 2666 plures
992 2601 1064 2679 apud
1079 2597 1148 2649 cae-

68 2672 189 2736 6166666.
236 2673 300 2723 Alia
323 2673 438 2722 contulit
460 2675 527 2725 Oud.
553 2677 589 2726 ad
633 2688 738 2737 sarem,
756 2687 834 2736 quam
852 2673 880 2719 in
895 2671 1019 2721 exercitu
1035 2669 1150 2718 66616-

68 2744 178 2791 sueton.
199 2740 258 2791 Tib.
275 2742 317 2792 59.
351 2744 428 2792 Haec
444 2755 533 2807 neque
554 2745 589 2794 ab
632 2743 712 2809 gaios
736 2744 943 2804 praefectosque
977 2747 1005 2788 et
1029 2737 1151 2786 tribunos

43 2856 45 2861 .
69 2811 177 2861 nennio
207 2811 286 2861 'iura
311 2813 348 2872 2,
372 2811 423 2862 511
454 2824 542 2876 neque
572 2825 591 2863 a
633 2814 829 2877 primorumque
846 2811 967 2861 ordinum
981 2806 1152 2885 centuriones

69 2878 206 2931 Freuudiu
243 2876 272 2929 in
305 2879 407 2930 Lexico
441 2887 591 2931 memorata
633 2886 710 2942 (natu
728 2880 810 2929 etiam
828 2873 870 2928 bis
890 2882 967 2928 locus
984 2877 1014 2927 in
1030 2873 1152 2937 reliquia

68 2949 265 3013 Nipperdeinm
289 2961 395 3012 quoque
419 2949 526 3012 fugisse
546 2948 591 2998 vi·
634 2964 697 3002 esse
710 2949 784 3010 potui
828 2947 916 2998 fnisse
928 2961 962 2996 ex
975 2943 1011 2993 iis
1024 2944 1151 3024 colligas,

43 3021 182 3080 -deutur,
208 3020 271 3071 dum
290 3018 342 3080 ceti
360 3018 520 3080 particulam
537 3029 592 3067 666
634 3032 703 3084 quae
733 3030 758 3066 c.
842 3020 870 3065 et
892 3018 926 3066 61
961 3017 994 3063 de
1017 3012 1152 3090 equitibus

68 3086 333 3150 interrogatiuncula
356 3085 418 3136 elici
441 3101 521 3149 posse
541 3099 591 3149 pu·
634 3086 762 3140 Romanis
778 3089 867 3136 relata
885 3085 946 3134 suut
960 3084 1152 3161 [labiennum
1236 3148 1240 3152 ἡ

69 3160 130 3206 tat:
147 3157 237 3220 „quid
254 3155 293 3207 ita
308 3155 460 3207 mirabilius
478 3159 538 3207 erat
556 3154 590 3204 ab
635 3159 760 3223 quattuor
775 3154 894 3218 legiones
908 3153 1040 3213 ducebat,
1055 3152 1151 3201 adiun-

69 3225 206 3288 equitibus
223 3225 352 3277 Romanis
369 3237 453 3288 equos
471 3233 591 3285 sumptos
634 3227 695 3280 ctis.
710 3223 761 3285 Qui
769 3223 793 3273 si
805 3221 950 3274 voluntarii
962 3232 1040 3283 equo,
1047 3220 1078 3268 ut
1088 3229 1153 3266 con-

69 3307 137 3345 6666
159 3307 239 3358 quam
263 3307 281 3345 a
304 3295 436 3359 tribunis,
461 3307 516 3360 qua
536 3302 604 3343 666.
635 3302 793 3345 eentanenm
810 3295 869 3349 est,
888 3291 1038 3342 militabant
1055 3298 1153 3366 equos·-

68 3363 177 3415 rotlone
190 3363 368 3416 adversativa
379 3365 515 3427 particula
529 3361 594 3426 poni
635 3375 686 3430 que
694 3376 742 3426 pro
753 3362 929 3413 inanitatibus
939 3358 986 3408 alli
996 3360 1097 3437 plnres,
1105 3352 1154 3404 alti

70 3429 230 3498 poterai‘i“
264 3432 376 3484 seilicet
392 3433 516 3486 mirabile
539 3434 592 3482 bac
638 3434 777 3498 pauciores
795 3427 921 3494 alebant,
939 3426 1154 3506 6661666166-

71 3505 147 3554 iure
164 3503 230 3554 nibil
248 3503 354 3554 omuino
370 3510 446 3565 erat3
466 3505 513 3552 sed
531 3512 592 3552 ma·
635 3506 731 3556 tiorem
755 3504 789 3550 ab
812 3499 871 3565 bis,
901 3509 981 3560 quam
1005 3508 1024 3546 a
1039 3495 1155 3573 tribunis

71 3573 117 3622 ius
134 3579 162 3621 et
183 3572 345 3623 insolentius
362 3573 450 3622 videri
468 3573 594 3635 debebat,
635 3571 801 3636 reliquisque
824 3567 959 3629 stipendia
987 3562 1154 3646 merentibus

71 3643 143 3705 quud
161 3641 243 3694 etiam
260 3642 295 3693 ab
312 3642 447 3705 equitibus
463 3640 595 3692 Romanis
636 3653 765 3705 equorum
787 3638 964 3700 sumptionem
987 3636 1076 3685 tntnse
1101 3640 1155 3680 nob

71 3714 102 3761 et
121 3713 246 3763 evocatis
270 3713 446 3762 sumebantur
465 3711 544 3775 equi,
570 3707 594 3757 sl
637 3708 759 3774 negabis.
784 3711 824 3760 De
839 3704 966 3760 evocatis
980 3714 1048 3752 vero
1062 3698 1155 3760 suspl-

72 3783 122 3832 aut
137 3782 230 3844 plures
247 3783 281 3832 ab
299 3781 358 3845 bis,
376 3792 455 3844 quam
474 3791 491 3829 a
507 3779 593 3830 tribu·
638 3781 696 3832 cari
715 3779 780 3829 licet
796 3782 823 3828 et
841 3785 978 3826 numerum
996 3781 1087 3822 eorum
1103 3770 1155 3819 boo

73 3850 118 3902 nis
142 3849 326 3915 reliquisque,
351 3858 399 3900 aut
421 3848 509 3910 magis
530 3858 595 3909 pro·
638 3860 710 3900 anuo
726 3853 800 3898 certe
816 3859 869 3897 uon
886 3843 1012 3906 exiguum
1030 3843 1065 3891 ad
1082 3839 1156 3890 cad-
1248 3864 1253 3883 .-
1282 3854 1286 3861 ⁴

73 3919 128 3983 prii
144 3921 204 3987 bis,
222 3931 300 3983 quant
318 3920 392 3985 illis,
410 3920 593 3970 sumebantur.
637 3929 726 3968 sarem
739 3919 844 3980 fuisse,
863 3925 924 3964 cum
937 3912 991 3961 iam
1006 3910 1086 3961 tertio
1104 3919 1155 3958 66-

74 3989 136 4041 lam
155 3990 226 4053 quod
243 3993 277 4041 ad
295 3988 406 4053 equites
428 3986 542 4053 attinet,
569 3987 594 4037 sl
637 4000 672 4039 uo
696 3987 761 4036 belli
785 3985 890 4037 multoc
914 3993 932 4031 a
950 3979 1157 4034 1606666666

73 4060 109 4108 de
134 4061 257 4124 equitatu
276 4062 473 4122 Romanorum,
499 4056 543 4121 qui
569 4069 595 4105 c.
638 4055 780 4120 provincia
797 4055 928 4105 evocatos
945 4063 1007 4102 esse
1023 4047 1156 4124 'traditum

72 4130 110 4178 26
128 4128 154 4189 S·
173 4128 190 4181 5
211 4129 328 4192 dicitur,
348 4141 436 4178 sermo
454 4128 545 4192 esset,
564 4128 596 4176 ut
639 4128 676 4176 sit
699 4128 732 4191 3,
756 4125 793 4175 20
817 4123 844 4183 S.
862 4127 895 4190 2,
925 4124 955 4172 et
978 4123 1028 4170 bos
1052 4126 1157 4198 quoque

72 4197 210 4250 oehlerus
238 4200 365 4262 putabat,
403 4196 512 4249 dublum
542 4208 596 4248 uon
639 4197 700 4248 sive
727 4192 846 4260 pedestri
869 4191 930 4244 slve
953 4191 1090 4255 equestri,
1123 4185 1157 4245 de
1248 4265 1250 4271 Ι
