2700 4726
433 305 537 379 tle.
560 306 642 379 Vll.
687 306 810 380 GAP.
833 314 878 379 ⁷3
1127 317 1195 385 dot

109 501 223 562 tantos
246 495 448 564 munitiones
469 499 558 564 tueri
578 518 715 564 necesse
734 497 917 571 deminutis
931 500 1058 566 nostris
1074 502 1192 587 copiis,

146 683 226 738 Vind.
244 685 340 739 culli.
366 692 425 741 edd.
443 697 507 741 ente
525 690 555 745 P.
579 693 652 742 bien.
672 689 757 742 Prell.
774 691 851 740 Purr.
870 703 928 740 uno
946 688 975 739 P.
994 693 1066 740 Man.
1085 689 1145 742 Ald.
1164 693 1191 744 b.

145 757 220 818 Llps.
245 753 286 807 Iu.
305 758 354 810 (ir.
373 761 443 814 Dav.
464 759 507 816 (tl.
533 760 607 825 „Sic
631 757 736 823 quidem
761 759 902 810 ediderunt
918 760 1072 824 Manutius,
1099 761 1187 810 Plent.

143 825 268 887 scaliger
284 832 312 876 et
327 830 423 890 reliqu!
442 830 579 890 deinceps.
605 829 662 878 Nec
678 829 767 892 male,
787 828 930 877 sieMSS.
946 851 979 863 -
1005 829 1106 878 Verum
1121 831 1189 881 Edd.
1236 865 1239 875 .

144 896 267 959 reliquae
285 909 344 947 cunr
362 899 438 948 MSS·
464 905 519 947 tum
537 898 668 963 oliorum,
692 900 762 960 quod
779 895 881 960 sciam,
907 906 961 948 tum
979 897 1045 947 m'eis
1063 897 1188 950 exhibent

145 978 195 1015 eo:
220 966 290 1014 uude
306 967 476 1018 Hotomanus
495 969 576 1018 valde
597 968 718 1026 placeret
735 966 850 1017 eodem.-
873 966 896 1015 si
916 967 976 1028 quis
992 971 1047 1016 MS.
1069 967 1187 1018 adiuva-

143 1042 195 1084 ret.
229 1035 288 1083 lloc
306 1035 402 1085 testari
421 1049 530 1098 possem
547 1047 705 1097 comparere
729 1035 756 1085 in
773 1035 936 1085 membranis
960 1034 1052 1096 primis
1067 1035 1187 1092 Leiden-

143 1102 238 1165 sibus,
258 1105 473 1169 oxoniensibus,
487 1108 519 1154 et
536 1099 660 1155 Andinis.
693 1104 759 1155 dein
775 1101 875 1162 (demi
907 1105 1064 1168 absorptum
1083 1116 1101 1155 a
1118 1106 1186 1158 tem.

141 1172 285 1233 Rescripsi
308 1174 399 1236 itaque
417 1176 514 1226 eodem
532 1188 590 1224 curn
610 1173 749 1225 Grouoric
777 1175 855 1234 (obs.
902 1172 997 1239 ,.8p
1017 1175 1068 1224 eol
1086 1172 1185 1242 Piae),

141 1245 228 1291 donec
247 1245 339 1301 pateat
364 1256 422 1294 uno
447 1257 511 1293 esee
537 1244 564 1293 in
583 1244 659 1292 MSS.
668 1241 688 1270 “
717 1242 784 1292 0ud.
810 1243 869 1292 Vno
895 1255 910 1292 ο
947 1243 1070 1295 iecturee
1092 1244 1185 1296 deberi

142 1313 174 1360 P.
194 1310 325 1376 bianutii,
351 1321 425 1363 certe
451 1325 505 1364 nou
522 1311 555 1363 iu
579 1310 691 1373 reliquls
715 1314 826 1373 praeter
845 1312 885 1362 ιιι
949 1312 1069 1363 odiclbus
1089 1325 1184 1363 exem·

142 1378 229 1441 plarie
249 1380 405 1432 Fabriciani
432 1383 544 1432 exstare
568 1380 676 1431 silentio
701 1380 779 1430 buius
803 1383 900 1430 contra
923 1381 1052 1431 disertum
1072 1381 1184 1432 onden-

141 1448 231 1507 dorpii
248 1450 282 1498 de
303 1452 454 1515 plerisque,
479 1449 591 1502 Wbittll
614 1451 648 1500 de
667 1461 721 1499 uno
739 1450 845 1507 illorum
870 1452 1048 1501 testimonium
1066 1452 1183 1500 creden·

142 1522 224 1582 dum,
251 1520 300 1569 sed
323 1520 462 1582 adscripta
486 1519 584 1570 ibidem
601 1521 636 1569 ed
653 1518 808 1570 materiari
831 1519 959 1585 verbum,
982 1522 1016 1569 de
1034 1531 1087 1583 quo
1106 1521 1182 1570 nulle

141 1585 273 1637 dubitatio
297 1596 356 1652 est,
379 1589 502 1638 codicum
522 1589 580 1638 Pet.
598 1589 681 1638 Voss.
699 1590 731 1639 A.
756 1590 833 1650 ligna.
858 1584 932 1638 ιιοιι
956 1589 1105 1639 auctoritas
1119 1591 1182 1666 Aac

128 1658 286 1713 ,referenda
312 1662 340 1707 et
361 1670 421 1708 com
440 1659 508 1711 Lbb.
530 1657 715 1718 coniungenda
732 1657 850 1707 videtur.
884 1657 1043 1708 Acbalutrio
1059 1654 1182 1708 verbex

140 1725 273 1776 Parisinis
292 1727 390 1777 eodem
408 1726 539 1778 referenti
555 1729 589 1776 de
608 1727 668 1776 Par
684 1727 713 1776 li.
732 1725 813 1775 tidem
831 1725 996 1792 bohemiam,
1013 1729 1047 1775 de
1065 1726 1169 1776 ParA
1145 1729 1180 1776 A.

138 1797 201 1857 plus
221 1793 388 1845 tribuendum
406 1807 469 1844 esse
485 1794 605 1857 lleyerlli
623 1794 776 1844 testimonio
790 1795 953 1856 reliquorum
972 1798 1092 1846 codicum
1105 1808 1181 1846 corn-
1205 1846 1211 1857 ι

139 1864 246 1927 paratio
264 1866 417 1926 persuadet.
446 1864 502 1930 Eo,
521 1865 591 1926 quod
602 1864 741 1913 Gesnerus
753 1872 780 1911 et
795 1863 986 1915 Porcellinus
976 1879 1005 1914 m
1019 1865 1182 1916 Maioriani

138 1932 278 1995 corrigere
302 1935 497 1997 neglexerunt,
520 1934 720 1989 Metaobraetes
744 1943 850 1994 quoqne
876 1935 944 1995 legit
966 1945 994 1982 et
1018 1939 1072 1984 tarn
1101 1935 1179 1996 bene,

141 2014 221 2068 quam
239 2002 341 2066 potuit,
367 2001 496 2051 reddidit.
502 1990 561 2083 ἦν
586 1995 646 2051 d‘
631 2016 662 2050 ιν
683 1993 770 2064 eorico
789 1995 941 2085 ἀναγκαῖον
963 1995 1015 2066 τήν
1031 1995 1087 2053 vnio
1104 1997 1180 2052 ‘Por-

110 2090 113 2095 ·
137 2072 229 2152 peior
247 2037 364 2149 δύναμιν
378 2066 409 2121 io
426 2087 456 2121 re
477 2088 515 2134 etp
502 2062 656 2129 ’ξολιῦιιν
673 2072 720 2118 ιιοιι
741 2065 921 2134 προνομεύειν
936 2064 1057 2122 concerti
1071 2086 1101 2121 re
1117 2065 1180 2136 ripo-

137 2135 256 2208 ρώμοτο
274 2131 429 2204 οἰκοδομεῖν
446 2132 642 2190 ἐλαττοῦσθαι.
722 2168 726 2173 -

174 2225 248 2276 tueri
266 2222 393 2290 necesse]
416 2235 533 2276 necesse
555 2235 608 2274 om.
631 2224 701 2274 And.
719 2222 769 2275 0¹.
795 2220 883 2272 redde
894 2225 1026 2285 prebente
1044 2221 1183 2276 Gronovio

138 2295 205 2346 (ibe.
222 2291 256 2358 4,
274 2293 292 2342 8
317 2296 461 2356 multisque
477 2291 608 2353 exemplis
625 2305 659 2342 ex
677 2294 801 2356 seneca,
825 2293 940 2343 Valerio
956 2292 1074 2342 Maximo
1097 2295 1128 2350 (1
1138 2325 1148 2354 ,
1164 2292 1183 2343 7

138 2379 163 2426 ιι,
187 2359 306 2426 148,19
329 2362 466 2426 ιιοιιιιιω,
496 2360 634 2424 salustio,
657 2361 738 2413 Ateio
762 2361 909 2427 Capitone,
931 2361 1079 2423 Petronio,
1105 2362 1182 2410 ver·

139 2446 224 2498 rone,
242 2429 339 2495 Livio,
358 2431 462 2493 Plinio,
480 2429 662 2496 Tertulliano,
680 2430 815 2496 Virgilio,
831 2431 914 2495 Silio,
938 2431 1041 2480 Getone
1057 2428 1183 2481 collectis

140 2515 249 2550 sensum
273 2504 341 2550 bunc
360 2501 512 2552 efficiente:
539 2500 794 2564 „meteriabantur,
817 2499 1069 2565 frumeutabeutur,
1092 2498 1182 2549 mnni-

140 2572 229 2620 tiones
246 2570 358 2620 fiebant:
383 2572 428 2621 vel
445 2580 498 2619 nou
520 2569 620 2619 licebat
637 2572 704 2619 baec
721 2569 814 2620 iacere
831 2568 884 2617 uisi
901 2581 956 2620 uno
972 2571 1110 2632 ternpore,
1132 2569 1180 2619 vel

141 2640 243 2690 licebat
260 2642 328 2703 neec
346 2647 448 2688 tontum
469 2649 523 2686 unu
539 2645 658 2699 tempore
677 2633 809 2688 secere.“
840 2637 925 2697 Quem
943 2651 1052 2688 sensum
1068 2637 1093 2686 si
1109 2637 1181 2688 Ger-

140 2709 247 2759 manice
265 2708 388 2757 enunties
405 2720 466 2761 mou
481 2708 593 2771 meite
607 2706 748 2774 ιιιίιιιιιίιιι
764 2707 827 2774 boin
839 2708 889 2761 unb
904 2707 1182 2777 &cunctipotentem
1249 2769 1251 2774 ,

139 2792 190 2829 ιιοιι
209 2776 340 2826 immerito
358 2775 524 2836 probabilem
542 2775 637 2825 dices:
662 2780 706 2825 eiu
722 2777 763 2824 ite
779 2783 941 2840 convertes,
964 2780 994 2825 ut
1012 2785 1054 2826 est
1071 2789 1089 2827 a
1107 2774 1181 2826 tiro-

139 2847 222 2897 novio
246 2845 458 2907 praescriptum
480 2856 540 2898 mun
566 2844 686 2899 intuto
710 2856 772 2900 unt
796 2842 936 2913 ιῐιίᾶιιιιιιι
952 2853 1004 2894 etc.
1013 2846 1088 2911 e,i,
1111 2845 1181 2906 ‘1⁰⁰⁶

139 2930 186 2966 ree
205 2924 261 2976 est,
287 2914 375 2964 minus
393 2914 596 2962 convenientem
615 2914 773 2962 reddideris.
808 2913 843 2961 nt
860 2923 948 2963 temen
969 2915 1036 2962 illud
1054 2914 1181 2976 tontum,

141 2986 209 3049 quod
228 2985 264 3034 ed
281 2982 455 3032 necessitatis
472 2980 695 3044 significationem
712 2978 882 3032 efficiendam
901 2981 1003 3032 adiecit
1016 2981 1182 3046 Gronovius,

141 3055 170 3103 in
188 3053 282 3102 verbis
300 3051 406 3102 Latinis
424 3064 477 3102 nou
496 3052 605 3114 exstet,
627 3063 698 3113 qnae
716 3052 747 3099 nt
762 3056 825 3098 eunt
841 3048 869 3102 in
887 3053 956 3101 And
974 3051 1094 3112 scripta,
1116 3050 1183 3100 nibil

142 3122 218 3173 aliud
242 3122 402 3186 ostendunt,
424 3133 504 3182 quern
526 3118 595 3181 quod
612 3133 662 3168 nos
679 3118 793 3168 dicimus
817 3131 877 3176 mon
901 3122 1020 3176 iconie
1041 3117 1183 3188 flimdlptitiss

141 3194 194 3241 etc.
211 3190 352 3242 Gronoric
375 3189 525 3239 assentitur
542 3186 650 3239 curtius
673 3189 709 3238 ad
726 3189 828 3238 salust
847 3190 906 3252 lug
927 3191 994 3250 110,
1013 3195 1047 3255 3,
1073 3197 1183 3238 seuten-

143 3261 230 3323 tiam,
256 3271 333 3324 quom
356 3258 384 3308 in
407 3258 501 3308 verbis
525 3255 619 3307 inesse
640 3260 731 3320 putet,
755 3268 808 3307 uon
831 3259 1035 3321 demonstrans,
1059 3256 1186 3308 dissentit

141 3327 378 3392 cellarins,nil1il
396 3323 495 3377 Audiui
512 3324 613 3377 codicis
630 3325 795 3378 auctoritate
813 3329 920 3377 mutam
937 3336 1059 3410 „contra
1076 3332 1184 3377 cetero-

142 3411 203 3450 rum
222 3379 338 3448 omnium
359 3397 581 3461 consensionem,
597 3395 679 3447 etiem
697 3394 813 3456 Graeci,
837 3397 883 3460 qui
900 3397 985 3446 vertit
1004 3391 1184 3462 ‹rioreynnina‘⁴

142 3467 347 3527 Oudendorpins
365 3478 431 3517 vero
449 3464 612 3518 oxoniensis
630 3465 734 3517 codicis
751 3463 883 3527 suffragio
898 3466 1046 3515 accedente
1062 3476 1187 3532 necesse,

143 3538 216 3600 quod
238 3538 320 3585 selva
336 3533 487 3585 Latinitate
511 3538 610 3586 abesse
629 3547 710 3597 posse
731 3535 878 3585 secundum
896 3533 1065 3585 Gronovlum
1082 3533 1187 3584 ιιιιιιοιι-

143 3616 225 3658 verat
242 3603 388 3666 Davisius,
414 3613 443 3653 et
460 3605 522 3668 ipse
536 3605 655 3655 deletum
676 3605 750 3668 ibat,
775 3604 858 3668 „nisi
877 3604 1015 3670 viderem,
1038 3602 1188 3655 cellarium

160 3774 226 3838 cap
241 3776 285 3827 7³
301 3772 327 3834 s.
342 3775 356 3822 1
370 3773 514 3823 deminutis
528 3772 629 3824 uostris
672 3772 771 3836 egendi
787 3776 815 3821 et
827 3772 972 3823 coniuncto
983 3784 1043 3824 cum
1058 3785 1092 3822 ea
1105 3773 1190 3823 demi·

108 3846 214 3909 copiis,
246 3854 317 3906 quae
339 3844 447 3922 longius
470 3846 504 3893 ab
528 3843 630 3893 cestrie
674 3842 748 3893 nutio
772 3847 849 3900 (nom
874 3844 928 3894 tria
949 3842 1030 3893 sirnul
1047 3844 1192 3906 agendae

110 3912 366 3978 progrediebantur]
403 3911 432 3960 si
464 3913 521 3963 tria
552 3913 633 3962 sirnul
674 3910 847 3973 paucioribus
865 3913 971 3975 agenda
990 3921 1086 3979 eraut,
1111 3923 1193 3973 ιιιιιιιιι

111 3985 220 4046 agenda
243 3989 322 4033 eraut
339 3977 424 4044 copiis
442 3983 635 4064 Romanorum,
677 3982 704 4030 si
720 3981 839 4031 diversis
852 3982 1018 4044 temporibus
1032 3981 1077 4045 agl
1088 3983 1194 4043 putuis-

112 4055 222 4118 siugule
239 4052 347 4115 quidem
363 4064 417 4102 non
435 4054 468 4102 ab
487 4050 638 4111 universis,
678 4056 753 4111 sent)
781 4050 834 4099 etsi
859 4049 1025 4114 gravissima
1054 4050 1195 4103 accidebat

113 4126 163 4173 sed
194 4135 211 4173 a
236 4121 318 4173 tertia
347 4132 469 4184 quaeque
491 4129 568 4182 parte
593 4118 637 4184 agi
678 4119 733 4183 lie,
761 4119 859 4181 qulbus
888 4121 1002 4171 tuendae
1033 4119 1198 4170 munitiones

115 4203 234 4246 necesse
267 4200 346 4256 erat,
379 4189 533 4245 uweeeitoe
571 4200 640 4243 vero
679 4189 1199 4258 sesenntamenpertiuebetedonnee
