2700 4726
207 324 276 394 sse
357 277 364 289 ’
412 359 415 382 .
465 319 538 388 ou
570 316 754 387 senno
785 315 1040 388 anunrco
1076 306 1081 313 ·

209 509 336 576 tatione
356 503 505 592 legiones
528 505 701 593 expeditas
717 513 879 594 quattuor
893 504 1148 594 equitatumque
1163 524 1294 572 omnem

164 608 186 670 2
208 621 248 664 ex
271 596 395 662 eastris
415 593 546 672 educit,
567 617 625 659 nee
648 596 715 661 fuit
736 595 884 681 spatium
908 595 971 658 tali
987 602 1138 680 ternpore
1157 593 1202 658 ad
1216 615 1295 659 oon·

67 685 69 690 ’
206 682 368 751 trahenda
390 688 516 761 eastra,
537 683 627 767 quod
649 703 705 748 res
726 683 837 769 posita
858 682 893 746 in
911 681 1085 746 eeleritate
1099 679 1293 749 videbatur.¹

165 790 185 849 3
206 771 347 841 Fabium
378 769 523 855 legatum
553 792 627 834 eum
650 771 840 856 legionibus
861 768 993 834 duabus
1016 770 1140 834 eastris
1162 769 1294 858 praesi-

207 859 262 928 dio
295 857 469 943 relinquit.
520 855 661 924 Fratres
690 857 837 924 Litaviei
863 878 938 923 num
964 856 1201 943 comprehendi
1223 858 1295 922 ius·

239 1053 338 1113 olonae
354 1048 486 1102 caesaris
504 1061 572 1114 erga
589 1050 720 1100 Haeduos
735 1048 925 1112 indulgentiae
944 1049 1028 1099 etiem
1047 1050 1111 1114 hoe,
1131 1050 1295 1112 quodnulio

237 1122 406 1182 interposito
421 1120 590 1170 dubitatione
602 1121 637 1170 ad
650 1132 698 1170 eos
713 1120 855 1180 proiectos
868 1129 920 1183 est,
940 1120 1072 1169 trinutum
1085 1119 1175 1169 videri
1190 1122 1293 1180 nosset.

273 1189 417 1253 quattuor]
425 1191 508 1240 Voss.
519 1195 551 1238 A.
559 1191 635 1252 Egra.
643 1191 728 1239 Febr.
737 1190 817 1250 Boag.
825 1192 858 1239 A.
866 1188 905 1237 Pl.
917 1188 978 1249 Par.
988 1193 1021 1238 A.
1030 1189 1110 1240 Goth.
1118 1190 1148 1237 Β.
1157 1190 1219 1241 edd.
1228 1192 1294 1239 ante

239 1261 300 1309 Aio.
329 1262 454 1324 quotuor
478 1260 526 1312 Dr.
547 1258 581 1308 A.
604 1260 686 1310 Vror.
706 1259 739 1306 A.
760 1259 856 1307 flami.
873 1257 956 1308 Viud.
979 1255 1036 1308 Au.
1055 1259 1118 1307 Ald.
1135 1269 1161 1307 a.
1179 1258 1229 1308 (tr.
1250 1260 1294 1309 alo.

239 1348 271 1398 P.
289 1347 364 1396 Alea.
383 1345 423 1393 st.
443 1343 528 1393 tirell.
548 1344 627 1392 Turr.
644 1338 741 1392 111102'
757 1342 806 1392 Dr.
822 1343 849 1391 B.
868 1341 952 1392 vind.
965 1337 987 1389 l.
1005 1344 1077 1395 llas.
1089 1344 1123 1394 A.
1140 1340 1203 1394 1111
1219 1344 1293 1396 unat.

237 1414 320 1464 Febr.
341 1416 369 1463 et
387 1411 456 1463 Wh.
474 1413 554 1462 Vrat.
575 1412 625 1461 BC.
644 1413 688 1461 lV
703 1413 766 1465 Atd.
786 1414 810 1462 lo.
828 1410 908 1473 Lips.
926 1424 989 1474 sqq·

162 1505 166 1517 s
272 1483 299 1543 S.
316 1487 332 1532 2
350 1483 443 1544 posita
459 1480 488 1530 in
502 1481 657 1540 celeritate]
675 1481 706 1530 tn
724 1494 748 1530 c.
761 1496 789 1543 p.
809 1480 857 1530 ltr.
873 1481 901 1531 a.
916 1482 996 1531 Vrat.
1010 1476 1040 1531 G.
1057 1478 1138 1529 Goth.
1152 1480 1180 1532 a.
1194 1481 1290 1532 liunt.

238 1554 300 1603 edd.
314 1555 432 1614 excepta
446 1552 514 1599 ven.
529 1551 550 1599 1.
564 1561 659 1600 omnes
674 1552 739 1601 ante
753 1551 831 1614 0nd.‚
850 1549 896 1612 qui
911 1550 983 1612 quod
998 1550 1158 1613 „Mstoruur
1172 1551 1290 1602 omniurn

234 1618 433 1675 ‘arroteritate“
457 1620 665 1681 transposuisse
689 1632 774 1670 voees
791 1619 873 1686 dicit,
900 1619 1043 1669 nonsatis
1061 1621 1194 1670 ancorato
1213 1619 1288 1671 dieit.

145 1736 149 1744 .
237 1691 322 1742 (terte
336 1702 425 1752 neque
442 1689 543 1738 Brutus
563 1701 598 1737 ex
615 1687 695 1739 (tarr.
710 1691 760 1739 ant
777 1689 898 1738 Vrsinus
917 1690 944 1737 et
957 1687 1088 1737 drantius
1105 1701 1141 1738 ex
1158 1686 1219 1738 suis
1237 1701 1289 1739 ne·

237 1773 290 1823 qne
309 1773 343 1810 ex
360 1763 429 1811 hev.
448 1757 591 1819 exemplar
608 1757 691 1808 [taba.
710 1759 913 1820 diserepantem
925 1769 943 1807 a
957 1758 1072 1820 volgato
1084 1757 1210 1809 ordinem
1222 1770 1290 1807 ver-

235 1832 333 1880 borum
349 1829 485 1879 afferunt:
511 1830 617 1877 tanturn
635 1840 711 1888 esee,
731 1829 803 1890 quod
822 1828 882 1876 edd.
901 1830 1015 1888 praeter
1033 1827 1088 1876 ine.
1107 1839 1204 1878 omnes
1223 1829 1307 1878 aute·

205 1923 209 1926 ·
238 1900 305 1950 oud.
323 1900 437 1961 addunt,
454 1896 584 1947 omissum
602 1899 749 1946 testantur.
965 1888 970 1901 '
1071 1899 1076 1904 '

271 1968 299 2029 s.
319 1973 337 2019 3
361 1968 475 2023 idatium
493 1963 627 2032 legatum]
660 1965 695 2016 11.
713 1965 840 2032 tegetum
858 1965 954 2015 Eemb.
977 1961 1005 2013 C.
1024 1963 1143 2016 Fabium
1162 1965 1291 2030 teqotum

171 2046 174 2050 ·
236 2037 309 2093 Har.
328 2041 362 2088 A.
380 2037 464 2086 Vind.
480 2039 513 2085 A.
532 2035 595 2085 Ald.
614 2035 642 2085 et
657 2049 727 2100 sqq,
746 2035 829 2084 etiam
847 2034 927 2098 ond,
946 2034 1027 2084 euius
1047 2035 1207 2086 testimonio
1224 2047 1289 2085 rnr-

235 2120 286 2156 sus
308 2118 403 2168 noram
419 2107 551 2155 accurato
568 2106 664 2167 „Mus
682 2108 710 2154 et
724 2104 791 2154 add.
812 2103 890 2153 multi
907 2112 1004 2154 carent
1017 2103 1069 2154 0³⁶
1104 2104 1209 2155 Carent
1223 2116 1291 2156 vero

234 2176 299 2227 ret
313 2177 387 2226 Gott.
412 2176 497 2226 Voss.
516 2177 548 2222 A.
565 2173 643 2237 Egra.
659 2174 730 2223 Lov.
749 2173 831 2235 Βοῦς,
849 2170 905 2223 Ac.
925 2172 990 2222 Per.
1010 2175 1044 2222 A.
1062 2174 1112 2222 Dr.
1131 2173 1288 2224 AB..Vrat.

234 2245 312 2294 Aac.
338 2246 419 2296 Goth.
439 2245 469 2292 B.
495 2240 625 2302 (tinnulo.)
649 2240 730 2291 Viud.
751 2235 889 2290 acuum.
914 2242 966 2292 tiu.
986 2242 1061 2293 Petr.
1085 2243 1157 2292 illst.
1173 2243 1224 2306 17,
1254 2246 1286 2293 11

235 2322 263 2363 et
278 2315 337 2363 edd.
354 2316 420 2364 ante
433 2312 496 2362 Ald.
517 2323 604 2373 eoque
617 2310 705 2360 eiecto
724 2310 795 2358 troud
811 2309 903 2371 inepte
915 2311 1052 2362 festinare
1064 2312 1194 2363 narratio
1207 2311 1288 2362 vide-

120 2423 127 2437 ,
234 2384 289 2432 tur.
325 2383 368 2431 Gt.
393 2383 429 2444 8,
459 2380 496 2430 30
520 2382 546 2442 s.
565 2384 599 2428 22
629 2377 767 2428 Caninius
789 2381 904 2443 teqetue
924 2393 990 2430 cerm
1004 2380 1161 2446 teqtentbus
1178 2381 1288 2432 duatus

235 2451 274 2501 od
301 2462 349 2499 eae
376 2448 590 2512 persequendae
613 2445 770 2497 contendet.
802 2449 874 2511 quod
900 2449 1034 2500 scribenti
1053 2450 1146 2500 Ilirtin
1163 2450 1287 2502 tortasse

233 2522 287 2570 hoo
304 2516 393 2580 insum
412 2518 599 2569 obversatatn
657 2516 749 2565 Etiam
767 2525 785 2566 a
804 2515 927 2567 caesore
945 2518 1007 2568 siue
1027 2519 1208 2580 praenomine
1225 2519 1288 2571 civ.

234 2590 261 2652 1,
279 2588 315 2638 ³8
332 2588 357 2650 §.
374 2589 389 2635 1
407 2585 553 2651 Afroniae
570 2588 602 2637 et
652 2576 747 2636 treton
765 2585 795 2636 et
810 2586 917 2651 Varro,
934 2586 1025 2653 teqott
1036 2588 1171 2654 Pompeii,
1189 2591 1289 2654 nouel-

231 2657 337 2709 lantar.
1250 2685 1254 2688 -

266 2722 412 2786 relinquit]
430 2721 552 2788 reliquit
568 2723 646 2773 Leid.
665 2725 699 2774 A.
717 2725 763 2790 „3
782 2718 848 2774 al.“
865 2723 914 2775 Dr.
932 2725 990 2777 AB.
1007 2728 1088 2779 Vrat.
1107 2727 1139 2780 c.
1157 2729 1240 2781 Goth.
1255 2731 1288 2781 n.

231 2794 328 2844 Homo.
352 2795 436 2855 Boog.
455 2787 487 2840 C.
511 2792 570 2842 Pal.
596 2793 679 2844 vind.
702 2792 724 2845 c
742 2793 786 2856 et,
805 2791 854 2856 qui
869 2817 904 2832 -
922 2793 1001 2861 quid,
1019 2797 1062 2849 A.
1070 2793 1203 2850 κατέλιπε
1219 2802 1288 2851 Met.

232 2863 276 2916 01.
296 2864 360 2914 adn.
378 2874 418 2914 cr.
435 2861 471 2911 ad
488 2858 515 2928 5,
536 2863 597 2927 ²8·
613 2858 641 2911 t.
1083 2906 1086 2910 ,
1205 2894 1209 2901 -

196 3033 328 3088 rationem
348 3030 424 3083 reddi
437 3032 550 3096 puniet
563 3032 720 3087 testinatio-
756 3032 801 3085 ris
826 3041 942 3086 mentem
954 3044 995 3084 'ne
1013 3034 1057 3085 trie
1077 3035 1183 3101 quidem
1203 3039 1287 3101 plone

195 3103 259 3168 nis,
284 3115 337 3165 qua
352 3102 461 3153 Caesar
477 3103 603 3166 quamvis
621 3114 721 3168 inagna
761 3106 906 3155 assecutus
938 3103 1054 3156 ridetur.
1096 3105 1208 3156 seilicet
1233 3122 1288 3160 uon

196 3171 720 3225 sollicitudineaffeetustanenaduae·
762 3173 863 3224 amoris
887 3172 1029 3223 cuiusdam
1055 3186 1122 3238 erga
1146 3177 1288 3244 Haeduos,

195 3243 264 3295 duos
288 3241 427 3303 protectus
453 3241 507 3290 sit:
539 3238 627 3293 ταῦτα
654 3237 678 3293 δ’
704 3236 720 3292 ὅ
761 3253 814 3304 quo
832 3242 989 3291 etiamtum
1009 3248 1158 3306 teneretur,
1177 3247 1288 3311 megui-

193 3307 302 3374 Καῗααρ
335 3301 452 3363 ἀκούσας
482 3304 512 3360 ἐν
533 3306 638 3380 μεγάλῃ
668 3307 720 3377 μὲν
760 3310 854 3429 mr
870 3311 1008 3367 sollicitus
1025 3314 1086 3363 erut
1103 3313 1218 3382 Caesar,
1236 3318 1285 3367 sed

193 3373 299 3444 ἐγένετο
323 3371 479 3444 φροντίδι.
503 3369 547 3429 ὅτι
571 3374 601 3429 δὲ
625 3373 720 3448 αἐιτῇ
759 3391 812 3442 quo
848 3379 989 3431 civitatem
1006 3392 1084 3444 eam,
1111 3381 1157 3432 cai
1174 3395 1285 3451 semper

192 3441 250 3498 τῶν
270 3440 405 3496 Ἔὸουέων
431 3442 511 3496 πόλει
536 3441 718 3512 diaretorum
759 3448 908 3515 praecipue
938 3450 1103 3514 indulserat,
1136 3453 1227 3504 tumen
1249 3456 1285 3503 od

191 3507 715 3646 {restitutitterrituri.
758 3518 1284 3648 retrudetur*etuti

192 3638 254 3701 erat
273 3652 359 3712 ratio,
378 3650 493 3715 ideoque
509 3654 596 3715 magis
615 3653 716 3714 probe·
757 3663 849 3718 esset,
882 3668 952 3718 quae
977 3601 1065 3706 adluit
1088 3657 1115 3708 in
1132 3603 1193 3710 ¹lide
1217 3673 1282 3712 esse

192 3719 256 3770 bilis
274 3720 465 3782 interpretatio
484 3722 649 3772 Petraretrae
671 3725 716 3771 est
756 3723 932 3786 videbantur,
944 3725 1037 3774 tacitis
1049 3729 1283 3782 erateoniectura.

190 3788 237 3850 17,
254 3788 304 3837 1⁰:
322 3788 460 3862 abscessit
476 3791 647 3842 toenuaeto
664 3803 714 3840 so·
755 3792 798 3841 Ad
816 3793 958 3842 dictionem
976 3795 1012 3841 et.
1040 3796 1071 3855 1,
1102 3795 1139 3847 to
1155 3796 1182 3858 S.
1202 3797 1236 3852 15
1253 3802 1282 3850 et

190 3869 277 3907 mnas
293 3857 420 3922 onerare,
436 3872 510 3911 eura
527 3863 625 3921 autem
640 3871 713 3925 qru-
754 3860 828 3912 intre
845 3873 871 3915 e.
888 3865 924 3913 63
944 3861 971 3923 S.
989 3860 1016 3910 8.

189 3924 235 3976 ets
248 3927 381 3993 accessit,
395 3930 472 3992 quod
485 3929 649 3980 Aeduorum
663 3940 713 3980 res
1137 3960 1152 3995 η,

187 3997 346 4058 temperet
370 3999 454 4048 corde·
474 3999 594 4065 fuerat,
615 4000 645 4050 et
660 4011 713 4062 pe·
806 3998 832 4060 S.
858 4003 875 4050 2
907 3997 1066 4065 videbator]
1099 4001 1160 4052 Non
1190 4000 1280 4052 minus

186 4064 312 4115 rientem
328 4066 507 4128 providebat.
530 4069 560 4118 et
579 4068 712 4132 quoniam
754 4070 879 4120 absolute
907 4069 1008 4118 dietum
1031 4062 1166 4136 hoe'est,
1199 4084 1280 4135 quana

186 4133 370 4187 celeritatem
380 4137 517 4189 eximiam
529 4147 580 4187 ree
590 4149 711 4200 poscere
753 4140 835 4201 uento
852 4144 915 4189 ante
924 4133 996 4204 fait,
1015 4149 1103 4201 neque
1117 4139 1279 4194 audiendam

186 4202 306 4271 utraert
323 4208 375 4256 ete.
411 4205 579 4271 Quanquam
591 4206 710 4269 scrioto-
753 4209 796 4275 et,
815 4208 886 4274 qnod
905 4206 1041 4272 praecipio
1057 4209 1280 4265 Baumstarkiue.
