2700 4726
141 280 144 287 ·
206 289 274 357 ns
464 283 537 353 un
566 224 748 351 nauto
779 277 1025 349 nautico

169 495 282 634 tiit.
299 462 1297 625 'illinisti'iiillt{dilituittbliitit

213 656 286 716 tute
312 647 470 712 auxilium
496 645 676 732 petendum
698 644 843 712 videbat.
886 649 942 713 0οι
964 641 1083 730 ltaque
1103 642 1299 730 subrespe·

210 758 285 803 rum
311 734 452 801 consilio
474 742 653 820 convocato
677 733 891 812 cohortatus,
927 738 966 795 ut
988 752 1045 812 aa,
1083 751 1169 816 quae
1191 729 1300 814 impe-

139 875 143 885 ,
211 831 343 902 resset,
382 821 564 905 diligenter
591 819 824 907 industrieque
855 818 1151 896 administrarent,
1185 835 1301 894 naves,

212 930 298 999 quas
320 907 509 975 Metiosedo
531 907 734 987 deduxerat,
765 908 918 997 singulas
940 929 958 971 e
984 905 1113 972 ultibus
1134 902 1300 970 Romanis

213 996 373 1063 attribuit
400 1002 436 1060 et
463 997 571 1080 prima
599 995 751 1061 conlecta
777 995 893 1080 vigilia
915 991 951 1060 ll
992 994 1119 1062 ,milia
1139 1011 1302 1080 passuum

213 1084 361 1152 secundo
389 1084 525 1149 flumine
556 1084 694 1150 silentio
715 1081 882 1179 progredi
911 1080 1025 1168 ibique
1049 1075 1301 1169 reexspectari

283 1269 350 1338 Cap.
369 1275 413 1326 00.
439 1274 468 1335 s·
488 1276 500 1323 l
529 1274 637 1338 ltaque]
670 1274 738 1326 And.
764 1272 815 1324 ox.
834 1268 885 1323 Cu.
905 1270 935 1324 S.
951 1270 1011 1320 ret.
1029 1266 1104 1320 [isid.
1121 1272 1155 1319 A.
1176 1269 1250 1321 ilar.
1269 1270 1302 1320 A.

248 1345 331 1396 Viud.
352 1345 387 1393 A.
406 1344 468 1392 nid.
487 1356 544 1405 sqq.
562 1355 614 1393 om.
632 1341 785 1408 „reliqui“
809 1343 890 1394 Voss·
910 1342 944 1406 A.
965 1341 1040 1403 ligni.
1057 1338 1133 1390 Gott.
1153 1338 1223 1388 Lbb.
1243 1338 1302 1388 Pet.

248 1416 334 1477 Bong.
355 1411 387 1465 C.
409 1411 468 1464 Pal.
487 1410 573 1462 cond.
593 1414 675 1474 Bong.
692 1413 728 1460 A.
744 1412 810 1466 Par.
830 1414 866 1460 A.
882 1410 931 1462 Dr.
948 1411 1004 1459 AB.
1023 1410 1102 1459 Vrat.
1120 1407 1199 1459 ABG.
1218 1406 1300 1457 Goth.

248 1484 304 1534 Aa.
324 1481 420 1531 lismb.
438 1480 490 1530 Gn.
510 1480 590 1532 Vind.
608 1481 733 1530 round.
753 1480 814 1529 edd.
832 1487 896 1529 anto
914 1479 975 1529 Ald.
1011 1478 1097 1528 Paulo
1111 1476 1201 1527 minus
1219 1482 1304 1541 aegre

249 1553 276 1602 id
294 1552 508 1615 desideraretur,
526 1549 552 1598 sl
570 1549 738 1611 sequentium
757 1549 900 1598 verborum
919 1548 1000 1617 aiios·
1012 1546 1079 1597 ordo
1097 1548 1126 1597 et
1142 1547 1304 1596 convocato

250 1619 422 1684 participium
438 1621 510 1667 “ante
534 1619 585 1668 sub
610 1629 764 1678 vesperum
785 1616 903 1679 positum
923 1617 1016 1665 esset:
1036 1644 1071 1655 -
1088 1613 1211 1667 videtot-
1249 1614 1306 1664 Sub

250 1701 406 1752 vesperum
423 1697 476 1735 etc.
495 1687 537 1737 edi
555 1699 574 1737 a
593 1687 714 1737 caesare
733 1685 855 1749 potuisse
874 1697 930 1737 uon
948 1685 1066 1734 videtur.

286 1771 412 1830 oonsilio]
430 1770 535 1836 „ltong.
549 1774 583 1824 A.
600 1773 684 1822 Voss.
701 1772 735 1825 A.
753 1771 829 1832 ligur.
846 1770 917 1822 Lov.
936 1771 964 1819 et
980 1765 1083 1819 5'alli“
1102 1768 1172 1818 [inv.
1188 1769 1217 1817 et
1232 1768 1304 1818 Gott.

219 1885 222 1897 ,
252 1855 308 1891 sec.
326 1841 417 1904 Faba,
438 1843 506 1901 quod
524 1841 557 1890 de
575 1841 658 1890 Voss.
673 1843 705 1889 A.
722 1841 750 1888 et
760 1841 840 1903 *Egm
859 1839 940 1900 tacet,
958 1837 1016 1888 Pet.
1033 1846 1061 1886 et
1072 1836 1133 1887 Pal.
1147 1848 1203 1887 sec.
1217 1837 1303 1888 cond.

251 1912 323 1961 Hau.
352 1914 383 1961 A.
407 1909 485 1968 (Par.
504 1915 536 1960 A.
563 1912 590 1958 et
609 1910 682 1959 Gott.
701 1910 785 1967 Wb.)
806 1907 888 1959 Vlml.
907 1908 939 1957 F.
958 1916 986 1955 et
1004 1907 1129 1968 plerique
1146 1917 1165 1956 a
1184 1920 1228 1957 me
1246 1909 1304 1957 ool-

251 1980 309 2031 latl.
335 1979 451 2029 condito
474 1977 554 2030 (inti.
571 1979 605 2026 A.
633 1978 712 2027 vtnd.
731 1979 765 2027 A.
783 1976 839 2029 inc.
858 1989 914 2026 sec.
932 1978 995 2027 ΕΠ).
1013 1975 1074 2024 Ald.
1094 1977 1122 2024 et
1141 1987 1200 2037 sqq.
1219 1989 1305 2037 nsque

250 2050 286 2100 ad
311 2049 379 2099 oud.
405 2056 521 2108 excepta
544 2047 591 2096 Gr.
635 2048 710 2097 Idem
735 2044 838 2109 legisse
862 2045 971 2095 videtur
991 2046 1058 2094 Met.
1082 2038 1227 2108 ἐκκλησίαν
1246 2039 1300 2096 tut

250 2113 304 2182 τήν
326 2111 422 2244 vincas
434 2110 583 2233 εἰὶοιήσαω
600 2115 803 2178 interpretatus.
839 2112 882 2166 Gi.
900 2115 964 2166 ado.
980 2126 1019 2164 cr.
1041 2113 1077 2165 ad
1094 2113 1121 2179 1,
1140 2112 1177 2164 to
1196 2112 1223 2174 S.
1244 2118 1259 2165 1
1278 2116 1305 2163 et

252 2186 387 2254 ad2,10
425 2221 431 2235 .
470 2222 476 2238 .

215 2352 347 2406 militibus
384 2348 541 2413 quibusdam
574 2350 740 2404 interclusae
834 2354 884 2402 snb
902 2351 1060 2414 vesperum]
1091 2349 1133 2419 ci.
1159 2351 1223 2402 adn.
1246 2352 1306 2408 crit.

217 2421 342 2474 distineri
357 2420 479 2481 legiones
496 2421 629 2471 dicuntur.
782 2423 819 2473 nd
831 2425 859 2484 2,
877 2425 911 2472 33
925 2421 952 2482 S.
968 2421 991 2469 1.
1018 2421 1078 2471 Non
1090 2423 1194 2472 temero
1206 2423 1308 2474 Labie-

271 2489 415 2540 mnximum
438 2486 548 2554 damen]
579 2490 741 2552 spencerus,
782 2505 834 2541 nus
847 2491 897 2540 sub
910 2501 1056 2552 uesperum
1068 2490 1172 2540 demum
1187 2498 1215 2540 et
1227 2493 1308 2554 paulo

214 2558 398 2629 ¹Americnnns
413 2568 431 2607 a
446 2555 516 2607 1850
528 2559 742 2609 commentario·
784 2561 863 2624 ante,
882 2570 963 2621 quam
981 2559 1107 2609 iacienda
1127 2561 1222 2609 essent
1239 2572 1309 2624 qnae

218 2642 277 2682 rum
297 2629 330 2676 de
349 2627 419 2676 bello
437 2627 510 2676 (loll.
529 2627 627 2691 editor,
644 2627 742 2677 tomen
783 2629 845 2678 lieri
861 2630 957 2692 vellet,
974 2627 1116 2676 consilium
1134 2638 1310 2687 convocasse

217 2698 267 2748 illo
294 2704 414 2756 tempore
433 2708 467 2743 ex
485 2692 595 2744 nivibus
616 2696 742 2745 crevisse
784 2699 902 2760 incoque
910 2707 996 2747 naves
1004 2696 1139 2760 equitibus
1147 2698 1309 2748 attribuisse

219 2766 300 2831 dicit,
317 2762 397 2826 idque
415 2765 558 2825 Sequanae
576 2766 743 2814 hauddubie
784 2775 813 2815 et
836 2767 943 2829 reliqua
965 2765 1139 2816 constituisse
1156 2774 1239 2831 atqua
1257 2768 1310 2818 iru-

217 2835 293 2897 ltem,
311 2833 440 2896 utbigeri
459 2832 742 2893 (c.55§.10)acci-
784 2847 899 2898 peraeae
931 2834 1037 2884 dicitur.
1082 2831 1208 2886 Gerebat
1239 2837 1311 2887 enim

218 2906 285 2954 dare
310 2901 403 2965 potuit.
449 2901 500 2950 Sed
525 2910 615 2951 tamen
640 2915 688 2962 per
713 2915 744 2952 se
785 2914 912 2967 quantum
930 2906 1044 2969 poterat,
1059 2914 1095 2952 ne
1115 2905 1182 2967 quid
1201 2904 1312 2956 consilii

217 2982 324 3036 quoque
342 2971 500 3022 andnimans
523 2970 630 3035 flumen
649 2972 744 3022 vocari
787 2974 831 3025 sni
850 2971 972 3024 hostibus
990 2972 1185 3024 enuntiaretur.

216 3045 343 3103 Sequano
357 3043 450 3090 eodem
464 3040 570 3090 ratione
578 3039 675 3103 potuit,
691 3052 745 3104 qua
836 3043 960 3100 singulas
1002 3042 1137 3105 equitibus
1178 3043 1310 3095 Minonis

216 3112 329 3162 Rhenus
349 3113 381 3171 1,
413 3112 473 3172 ts.
494 3112 622 3170 2agrum
640 3109 744 3158 llelvc-
785 3108 924 3174 attribuit]
942 3108 1078 3175 Sinpntns
1095 3124 1150 3162 non
1168 3125 1230 3163 cum
1248 3115 1309 3164 flin-

218 3179 286 3230 tlnm
302 3178 474 3229 aGermanis
490 3177 617 3229 dividens
633 3178 743 3228 latusi—
785 3192 849 3230 cero
867 3179 959 3244 lommt
976 3181 1026 3233 unt
1042 3180 1157 3247 tondete,
1180 3191 1233 3233 aut
1250 3196 1311 3233 cum

219 3262 284 3300 mos
300 3250 387 3312 atque
404 3247 563 3309 altissimus
582 3250 707 3299 vocatur.
785 3248 833 3298 Fr.
848 3250 992 3309 Wagncro
1004 3250 1236 3310 interpretandum
1249 3265 1310 3302 esse

271 3317 336 3378 cap.
355 3315 398 3365 00.
416 3312 473 3380 §.li
494 3317 600 3378 ltaque]
619 3317 678 3366 Hoc
691 3329 743 3366 non
786 3319 832 3372 olle
845 3317 1028 3382 manifestum,
1042 3319 1109 3369 illud
1123 3321 1309 3372 verodubium

218 3390 275 3438 tam
293 3388 325 3436 ad
345 3386 459 3434 verbum
475 3384 577 3435 linitum
593 3387 742 3449 attribuit,
785 3395 846 3451 est,
865 3397 927 3434 num
947 3386 1148 3437 distributivum
1167 3391 1203 3440 ad
1220 3403 1310 3441 nance

220 3468 300 3521 quam
324 3455 359 3504 ad
383 3453 555 3504 cohortatus
573 3455 743 3516 participium
785 3455 935 3517 appositum
955 3466 1015 3505 cum
1028 3457 1167 3522 equitibus
1182 3459 1221 3509 sit
1235 3473 1309 3511 com—

221 3529 329 3587 spectat
352 3534 380 3573 et
402 3523 474 3572 unde
500 3524 622 3584 proiecta
642 3525 678 3572 sit
695 3535 743 3572 co·
786 3523 992 3589 municandum,
1012 3527 1173 3576 utdieidius
1190 3532 1219 3578 et
1238 3530 1311 3580 Oeli-

222 3595 357 3657 irortario,
380 3593 554 3642 demonstret.
590 3593 632 3642 cf.
651 3599 685 3656 3,
709 3593 744 3642 20
786 3596 863 3644 leros
882 3595 986 3655 volunt,
1004 3606 1115 3654 quorum
1133 3597 1206 3647 alter
1226 3598 1310 3647 vertit

222 3663 249 3722 s.
268 3666 298 3711 2:
331 3663 362 3712 Ρ.
381 3661 503 3712 crassos
516 3684 550 3697 -
564 3675 621 3710 oon
638 3662 744 3710 meda'n-
788 3677 813 3718 ct
834 3663 905 3728 ttettt
921 3663 985 3729 lebes
1003 3660 1087 3732 &obiti
1107 3665 1198 3721 dinem
1225 3680 1310 3729 eques

223 3730 364 3780 crematos·
376 3731 745 3798 dittyentiomndbibcndam
786 3733 924 3782 Romanus
941 3746 981 3800 ἆυ,
1001 3737 1071 3783 alter
1088 3739 1151 3784 autc
1168 3736 1310 3800 equitibus

221 3800 409 3864 interceperat.
442 3801 547 3862 ltaque
564 3812 598 3850 re
612 3801 745 3864 framen-
787 3791 876 3850 audiri
889 3802 964 3850 iubet
976 3801 1104 3869 stupetis.
1123 3805 1227 3863 Quibus
1240 3805 1309 3857 enlm

127 3898 129 3911 .
222 3869 304 3918 toria
321 3868 440 3930 pruritu
457 3869 579 3919 auxiliis
596 3869 745 3934 equitatu·
787 3870 857 3921 locis
876 3872 962 3919 semel
979 3874 1094 3934 positum
1113 3872 1180 3924 illud
1198 3875 1244 3925 bis
1262 3888 1309 3927 co-

222 3951 278 4002 que
290 3939 467 4003 coritpcrnto,
479 3941 578 3988 ricottis
588 3944 744 4000 practerea
786 3939 869 4004 gitari
887 3941 975 4002 debet,
994 3940 1015 3989 ii
1031 3943 1091 3991 fere
1108 3944 1211 3994 nullam
1229 3946 1309 3995 dubi-

220 4007 295 4057 oirt’s
313 4005 614 4069 fortibus—euocatis
628 4009 658 4057 in
671 4010 745 4058 Son·
787 4008 915 4058 tationem
927 4011 1080 4076 admittunt,
1093 4012 1157 4074 quin
1170 4013 1211 4062 ita
1226 4015 1309 4065 iutel-

221 4076 328 4127 ttctunt
358 4071 428 4138 lines
459 4077 622 4129 coercitum
648 4078 745 4129 intro·
786 4078 888 4142 ligendi
904 4078 973 4146 sint3
998 4084 1028 4129 ut
1044 4079 1118 4129 inira
1135 4093 1160 4130 c.
1177 4082 1214 4138 89
1231 4082 1259 4144 S.
1275 4082 1308 4133 ⁵:

220 4145 316 4197 ducit.
787 4160 825 4198 en
843 4147 963 4212 reliquis
979 4148 1102 4212 captivis
1119 4152 1182 4204 toto
1194 4153 1310 4206 enerci-
