2700 4726
345 258 370 397 ¹,
406 288 510 363 utu.
534 289 617 362 vu.
664 290 784 363 cur.
810 293 853 361 38
1110 292 1179 363 oro
1255 355 1258 360 .

85 481 278 551 insimulati
307 480 511 572 proditionis
542 481 586 549 ab
615 479 778 551 Romanis
795 480 923 549 indicta
944 501 1047 549 eausa
1070 481 1177 548 inter·

81 572 171 645 iacti
193 577 286 639 sunt.
329 569 423 637 Haec
447 573 489 635 ab
515 571 568 636 his
591 571 800 655 cognoscite,
835 569 894 657 qui
915 592 955 636 er
974 571 1050 659 ipsa
1071 567 1218 646 caedes

81 661 266 749 fugerunt,
301 680 376 723 nam
406 680 467 743 ego
493 658 660 724 tratribus
686 667 788 744 atque
810 658 966 725 omnibus
991 657 1075 725 rucis
1097 679 1177 747 pro-

85 749 227 839 pinquis
259 745 446 815 interiectis
474 744 591 813 dolore
618 746 797 833 prohibeor
833 767 919 832 quoe
954 752 1049 831 gesta
1085 751 1177 828 sunt,

83 834 321 926 pronuntiare.
364 830 605 901 Producuntur
625 834 662 914 ii,
684 856 770 920 quos
792 832 852 898 ille
875 831 1068 916 edocuerat,
1089 834 1220 921 quasi

82 925 157 993 diei
181 925 297 1006 vellet,
321 927 423 1009 atque
443 921 571 1000 eadem,
591 943 676 1008 quae
695 921 869 987 Litavieus
890 921 1177 1010 pronuntiaverat,

84 1010 300 1092 multitudini
319 1019 509 1100 exponunt:
533 1009 661 1076 Omnes
683 1010 814 1097 equites
829 1007 1049 1078 Haeduorum
1069 1009 1176 1081 intur.-
1197 1012 1219 1077 5

119 1221 182 1271 dem
199 1229 226 1268 0.
245 1215 433 1271 ttoccxcu.
451 1216 480 1268 iu
496 1217 679 1269 fundamentis
696 1217 769 1268 ereis
783 1218 905 1271 bourbon
916 1221 1017 1282 Laucy
1029 1219 1176 1282 detectum,

118 1290 151 1341 in
174 1301 227 1354 quo
250 1290 351 1353 iegitur
377 1288 407 1337 0.
433 1283 560 1339 ivuivs
584 1287 837 1339 urossuuiutots
861 1289 893 1340 1⁴¹.
909 1290 1061 1341 MAGNVS
1079 1285 1085 1353 Ι
1103 1286 1175 1351 PRO

118 1360 154 1415 Io
181 1353 284 1411 ivirio
309 1356 453 1409 GALENO
479 1358 576 1408 Pinio
604 1354 608 1423 Ι
632 1357 843 1409 0000100100
871 1358 1047 1423 bertonus
1065 1355 1072 1426 Ι
1093 1357 1175 1419 Yo'i'.

120 1429 179 1481 sol
208 1424 213 1494 Ι
241 1428 285 1477 cui
305 1426 476 1491 inscriptioni
498 1427 526 1477 iu
552 1437 637 1476 versu
661 1427 807 1489 penultimo
830 1436 924 1488 aperte
947 1428 1064 1480 vitiosae
1091 1425 1176 1478 etiem

119 1495 321 1561 Elberiiugiom
341 1498 411 1558 plus,
433 1509 513 1559 quam
531 1497 674 1557 analogiae
694 1504 729 1546 et·
738 1495 877 1546 codicibus
893 1495 1132 1548 tribuisse-miror.

99 1560 106 1567 '
147 1562 360 1626 ¹Viridomarus]
382 1566 584 1617 Viridomarus
602 1566 696 1617 flamb.
719 1565 935 1617 Viridomcrtue
952 1568 1033 1618 Vind.
1054 1561 1076 1614 1.
1097 1565 1178 1617 Viri·

118 1635 256 1689 &merus
269 1636 343 1686 Gott.
357 1636 442 1687 voss.
453 1634 484 1687 0.
502 1635 710 1685 Varidomorus
725 1636 822 1687 Pacu.
837 1637 917 1686 Vind.
932 1640 965 1688 Α.
984 1638 1176 1691 Virdomerus

118 1707 181 1761 l’et.
198 1706 393 1773 Virdomaro&
406 1702 470 1755 Au.
485 1706 510 1754 b.
525 1703 600 1767 urps.
614 1705 655 1753 lu.
669 1705 719 1754 Gr·
733 1705 805 1754 Dav.
819 1705 860 1760 01.
875 1701 957 1771 (0000
975 1709 1076 1767 Verri.)
1094 1707 1128 1756 ld
1141 1711 1176 1760 ab

121 1777 193 1829 0ud.
205 1776 266 1839 quis
281 1774 383 1837 primus
401 1774 532 1823 edidisset
549 1773 700 1835 anibigente
718 1777 791 1823 reete
804 1775 950 1825 secuudum
964 1778 1077 1827 codices.
1087 1780 1177 1830 muta-

120 1850 181 1899 tum
193 1848 280 1895 denno
294 1842 473 1894 exhibuerunt
488 1841 634 1893 oberlinus
649 1851 676 1891 et
688 1844 748 1893 uto.
767 1844 867 1892 Festos
878 1844 1064 1908 triumphales,
1079 1856 1109 1897 ut
1122 1847 1178 1899 sibi

119 1916 296 1979 videbantur,
312 1920 339 1962 et
357 1912 525 1974 Propertium
542 1915 660 1975 poetam,
677 1911 755 1961 cuins
769 1914 858 1961 locuni
876 1914 904 1962 iu
918 1914 980 1963 adu.
996 1916 1071 1980 005,
1089 1916 1145 1979 38.
1159 1921 1177 1970 2

119 1982 295 2050 significavi,
321 1983 425 2047 secuti,
449 1982 617 2032 immemores
637 1992 746 2044 eorum,
765 1994 834 2043 quae
852 1983 942 2032 docuit
959 1984 1045 2036 brak.
1061 1988 1096 2037 ad
1114 1987 1177 2038 hir.

120 2060 174 2118 Ep.
206 2056 227 2103 l.
259 2052 301 2102 20.
352 2048 454 2102 damen
490 2043 682 2101 Virdomriros
711 2050 811 2114 iegitur
841 2052 868 2100 in
897 2050 1074 2116 inscriptione
1106 2057 1179 2120 apud

118 2124 207 2178 0reil.
225 2120 304 2172 3582.

156 2193 186 2256 s.
210 2191 301 2251 auis]
332 2191 404 2239 liar.
422 2190 456 2239 A.
481 2201 538 2238 sec.
559 2189 621 2242 itit.
639 2188 721 2239 Vind.
740 2189 796 2241 AB.
815 2190 879 2239 Ald.
898 2200 916 2240 0
933 2192 982 2244 Gr.
1001 2202 1028 2241 0.
1044 2192 1126 2242 'burm
1141 2190 1178 2243 tis

121 2263 211 2331 (iiav.
230 2263 263 2311 A.
281 2256 365 2325 Wh.)
383 2261 423 2308 st.
449 2259 479 2308 P.
499 2262 573 2308 Man.
593 2258 642 2309 tir.
661 2261 686 2310 b.
705 2259 789 2309 Preti.
808 2258 885 2322 Lips-
906 2274 966 2323 sqq.
984 2258 1054 2324 ipsis
1071 2262 1177 2326 ,piiss

123 2336 187 2386 iere
204 2327 326 2383 omues“
345 2332 430 2380 Voss.
450 2331 482 2378 A.
503 2330 580 2391 Egui-
598 2329 674 2379 cett.
695 2329 754 2379 Pet.
771 2330 856 2391 Bong.
876 2329 907 2378 Α.
928 2332 991 2401 Por.
1005 2332 1039 2380 Δ.
1055 2330 1105 2381 Dr.
1121 2334 1177 2383 AB.

123 2403 208 2453 Vrat.
229 2397 307 2450 Aac.
333 2399 415 2449 Gotir.
432 2399 463 2448 B.
486 2400 582 2448 lierni).
610 2398 662 2448 00.
687 2399 770 2450 Vind.
796 2398 914 2450 couri.
940 2400 999 2449 edd.
1023 2403 1089 2451 onte
1114 2404 1177 2454 Alo.

64 2506 67 2511 -
125 2471 200 2536 quod
219 2481 317 2532 perse
335 2468 404 2518 ferri
424 2470 522 2530 potest.
559 2468 606 2517 Sic
624 2466 684 2517 Giv.
703 2470 736 2533 3,
761 2467 835 2528 ²⁰8
862 2465 895 2521 t:
928 2470 1116 2536 atqucipsie,
1140 2473 1179 2526 00

125 2551 252 2608 quorum
281 2538 458 2588 eootmodom
486 2532 666 2602 pertinebat,
699 2536 807 2588 durior
832 2536 973 2591 iocentur
989 2541 1034 2590 est
1057 2539 1179 2595 Caelites.

125 2612 182 2669 seu
199 2609 290 2659 minus
309 2608 441 2657 convenit
460 2606 638 2669 sequentibus
653 2620 721 2658 nam
737 2619 789 2673 epo
808 2607 912 2660 dolore
926 2607 1092 2676 prohibeor,
1110 2624 1180 2675 quo·

86 2682 90 2691 '
125 2695 189 2732 rum
205 2680 267 2730 loco
286 2678 343 2726 iaie
361 2677 426 2738 quid
442 2676 670 2742 exspectabatur,
687 2678 770 2739 quale
787 2668 875 2738 su'pra'
890 2678 995 2742 iegitur
1011 2678 1041 2729 in
1057 2680 1180 2734 Vercin-

126 2748 263 2816 getorigis
288 2745 413 2797 oratione
432 2758 456 2796 c.
475 2746 512 2795 20
528 2744 554 2815 s.
573 2744 606 2795 8:
635 2745 706 2797 boec
722 2748 758 2796 ot
774 2746 949 2812 intellcpotis
968 2763 988 2799 a
1004 2761 1048 2801 mc
1066 2750 1181 2804 deicere

125 2817 327 2885 pronuntiari.
368 2817 404 2866 ut
428 2815 525 2864 odiosa
550 2814 581 2863 iit
605 2815 776 2876 pronominis
800 2816 947 2878 repetitio:
978 2818 1028 2880 qui
1053 2831 1093 2872 eor
1115 2821 1179 2887 ipso

126 2888 384 2953 coedefaqeront.
419 2885 516 2946 ltaque
533 2885 570 2933 00
587 2887 640 2936 hoo
657 2886 821 2936 aberrantes
840 2886 950 2937 librarii
968 2899 1004 2936 ex
1021 2887 1058 2939 iis
1075 2889 1180 2941 iecisse

126 2959 208 3024 ipsis,
229 2953 474 3021 codicesxaiterius
495 2953 617 3018 generis,
636 2955 733 3017 quibus
751 2958 845 3005 tamen
861 2967 933 3006 uuus
952 2956 1180 3012 001001ἰο0100-

126 3022 210 3094 cedit,
223 3037 324 3077 reram
343 3035 476 3073 servasse
493 3023 658 3087 scripturum
673 3023 813 3077 videntur.
897 3022 919 3047 ‘

163 3096 190 3157 s.
209 3091 228 3145 t
246 3095 281 3154 ii]
312 3090 446 3144 bit'Gott.
464 3093 547 3144 Febr.
565 3094 615 3143 Dr.
633 3097 666 3144 Α.
686 3096 767 3145 vrot.
785 3091 837 3146 00.
855 3092 952 3144 flami.
971 3095 1027 3147 biis
1042 3097 1124 3150 vret.
1144 3102 1178 3150 A.

90 3170 97 3179 '
128 3165 159 3216 bt
176 3167 234 3216 Pet.
253 3166 321 3216 [ιον.
339 3164 423 3216 Febr.
443 3163 508 3213 Par.
522 3164 557 3212 A.
573 3164 645 3216 fluv.
658 3165 692 3213 A.
711 3176 768 3214 sce.
784 3165 845 3214 Eih.
858 3162 907 3214 Dr.
918 3164 1047 3227 mind.
1060 3168 1178 3221 tucri.

127 3237 201 3287 Ven.
222 3235 281 3284 ode.
316 3234 349 3283 lu
366 3233 451 3295 song.
469 3235 510 3291 A..
520 3233 588 3283 000.
606 3245 690 3295 super
706 3233 728 3282 ii
743 3234 876 3295 scriptum
894 3245 959 3283 csse
975 3235 1095 3288 testatur
1111 3238 1179 3304 000,

129 3306 234 3369 dequo
253 3304 294 3352 Pl.
313 3305 394 3354 tacet.
430 3303 534 3354 contro
552 3302 582 3352 in
598 3302 657 3352 Cio.
680 3303 746 3352 Post
770 3304 829 3353 red.
849 3303 879 3352 in
897 3315 956 3352 seu.
973 3317 998 3353 c.
1018 3303 1104 3370 ipro
1121 3309 1179 3359 000

127 3377 259 3427 consedes
276 3372 413 3422 Gruterus
430 3373 460 3422 in
477 3373 555 3423 0000.
575 3372 674 3424 Polatt.
696 3371 829 3434 scripturn
847 3371 919 3421 vidit
935 3372 958 3420 ii
974 3384 999 3423 e.

163 3443 191 3504 S.
210 3441 227 3492 5
246 3443 360 3501 omues]
378 3444 484 3493 multos
503 3439 657 3507 „piurimi“
674 3441 758 3493 Voss.
776 3442 811 3492 ut
829 3444 910 3506 tigni.
924 3441 999 3492 Gott.
1017 3442 1097 3496 carr.
1115 3445 1177 3496 000.

129 3510 239 3562 liutem.
266 3513 359 3574 stepo.
384 3514 467 3576 Boug.
490 3515 525 3561 A.
552 3510 615 3561 Par.
634 3513 668 3561 A.
693 3515 723 3562 et
740 3523 758 3562 o
775 3524 809 3562 nr.
830 3523 887 3564 sec.
905 3512 936 3560 0.
953 3512 1002 3562 Dr.
1020 3516 1075 3562 AB.
1094 3514 1179 3567 Vret.

129 3580 307 3633 00000010.
327 3582 356 3632 ii.
374 3583 469 3631 Hamb·
488 3580 570 3631 Vind.
586 3578 637 3632 uc.
656 3582 717 3631 edd.
735 3576 871 3632 onteAld.
890 3580 969 3644 Lips.
986 3584 1026 3632 lu.
1042 3585 1092 3636 Gr.
1107 3585 1179 3638 Dar.

129 3650 172 3703 ci.
207 3650 267 3701 iioc
290 3651 359 3702 000.
383 3660 434 3700 000
458 3651 687 3714 praecedentibus
711 3664 764 3702 neo
780 3651 959 3713 sequentibus
977 3653 1049 3705 setis
1066 3666 1179 3707 acoem-

128 3720 267 3772 00ᾱο0·
283 3733 348 3770 esse
365 3719 525 3785 intelligens
543 3723 692 3772 secondum
708 3723 779 3773 And.
791 3722 843 3773 0x.
856 3716 906 3772 00.
915 3721 976 3774 Pet.
997 3727 1026 3774 et
1037 3736 1098 3775 var.
1112 3726 1180 3777 lect.

129 3791 159 3843 8.
174 3788 301 3842 restituit
316 3792 351 3842 ab
370 3790 549 3874 Aidonsque
565 3791 601 3841 ad
618 3785 740 3855 Lipsium
758 3792 900 3858 vulgatum
918 3805 1030 3860 omncs,
1060 3797 1133 3860 quod
1149 3799 1180 3849 et
1263 3814 1267 3829 ¹

92 3973 357 4044 erar-effictas,
387 3976 552 4029 constituit.
584 3978 621 4030 00

94 4045 245 4101 dictionem
263 4047 351 4110 ipsam
369 4059 394 4098 c.
410 4047 445 4098 83
463 4048 489 4109 s.
501 4046 534 4099 5:
551 4047 621 4111 quid
712 4044 779 4110 cap.
800 4051 843 4105 ³8.
861 4048 920 4113 §.t
936 4051 1116 4116 multitudini]
1135 4050 1178 4104 ct.

93 4128 208 4241 mm
221 4119 308 4181 paeto
319 4117 495 4183 epiploccat,
510 4118 621 4172 occttite
662 4116 726 4169 edu.
744 4119 780 4169 od
797 4121 824 4187 0,
841 4120 877 4174 at
892 4119 920 4184 S.
937 4125 964 4175 1.

157 4197 224 4241 reo
243 4186 435 4243 constituunt.
