2700 4726
213 264 281 371 ros
460 297 531 365 us
564 296 746 365 suano
778 292 1029 365 canurco

213 496 323 576 noque
347 482 492 553 distrahi
513 494 639 572 potest.
698 488 755 552 24.
782 485 922 555 Histoi
943 480 1218 571 rebusiupedita
1242 504 1304 573 op-

215 576 420 663 pugnatione
436 575 593 655 ¹milites,
628 594 702 637 oum
729 578 802 640 toio
827 581 979 661 tempore
1003 570 1132 655 frigore
1154 579 1189 637 ot
1210 568 1304 639 adsi-

216 662 293 730 duis
331 662 497 728 imbribus
533 660 771 741 tardarentur,
812 670 923 726 tamen
960 660 1145 725 continenti
1184 656 1304 726 labore

216 751 326 827 omnia
354 750 435 815 haec
465 771 503 815 su
531 756 710 815 eraverunt
736 759 771 814 et
793 747 912 815 diebus
934 744 1052 812 XXV.
1077 768 1234 833 aggerem
1253 745 1305 812 la·

216 834 288 907 tum
311 837 415 929 pedes
439 768 665 919 GCdXXX.,
702 836 808 901 altum
832 834 936 925 pedes
956 830 1106 902 LXXX.
1128 843 1305 901 exstruxe-

285 996 354 1059 csp,
372 992 417 1045 et.
434 996 462 1057 s.
480 999 493 1046 t
513 996 578 1056 iiis]
595 997 679 1059 Bong.
698 997 733 1044 A.
752 994 793 1046 Pi.
811 994 876 1045 Par.
891 995 924 1045 A.
941 994 990 1043 Dr.
1006 994 1060 1044 Aa.
1079 994 1160 1045 vret.
1173 995 1207 1043 A.
1222 994 1303 1045 vind.

251 1064 353 1117 Alici'.
371 1065 425 1115 Gn.
443 1066 515 1115 fluv.
531 1068 565 1115 A.
584 1068 644 1116 edd.
665 1073 730 1115 ente
748 1064 778 1112 P.
795 1066 870 1116 Man.
886 1063 971 1114 uren.
985 1066 1065 1115 'l’urn
1078 1062 1134 1113 dtis
1147 1064 1222 1115 flott.
1233 1056 1304 1117 wi.

252 1133 331 1185 Vrat.
352 1134 406 1184 Bc.
425 1135 520 1183 iiamb.
539 1135 576 1185 iis
593 1135 674 1185 Goth.
694 1135 724 1184 Β.
743 1133 772 1181 P.
792 1134 864 1183 Meu.
880 1134 943 1181 Atd.
963 1134 987 1184 b.
1007 1145 1066 1196 sqq.
1286 1124 1303 1149 ¹

285 1201 419 1271 inpedito]
440 1206 522 1253 Voss.
541 1198 575 1254 A.
593 1204 690 1269 (Bong.
708 1205 756 1261 A]
776 1202 841 1251 Par.
861 1192 895 1252 A.
914 1214 967 1251 nou
987 1201 1053 1265 imp.

287 1282 407 1335 tempore
431 1271 547 1336 frigore]
579 1273 657 1337 eet
680 1273 703 1339 f.
728 1272 806 1320 Turr.
824 1272 846 1322 t.
863 1271 927 1321 tato
946 1270 968 1337 f.
995 1265 1088 1321 Ursini
1104 1266 1186 1333 iiber,
1204 1268 1233 1318 Ι.
1253 1268 1303 1319 Cu.

254 1342 329 1392 held.
350 1340 384 1392 A.
402 1342 474 1391 nav.
494 1342 527 1390 A.
549 1340 632 1398 vind.
649 1336 682 1390 A.
701 1338 1015 1402 margorer.1dps.1u.
1034 1351 1093 1403 sqq.
1129 1338 1204 1388 idaeo
1218 1338 1304 1388 ieetio

250 1410 371 1474 repetite
387 1422 422 1459 ex
442 1410 663 1474 Epiremeridibns
681 1410 798 1473 ridetur,
816 1409 845 1460 in
863 1410 962 1472 quinus
980 1407 1099 1470 scriptor
1118 1406 1156 1471 id,
1174 1418 1228 1470 quo
1244 1420 1304 1458 ma·

252 1481 323 1529 xime
345 1478 450 1528 tardari
470 1482 537 1541 opus
555 1482 583 1531 et
599 1492 743 1543 aggerem,
775 1479 935 1540 quominus
953 1472 1149 1537 perficeretur,
1176 1476 1303 1539 impediri

251 1558 367 1599 necesse
384 1555 475 1613 esset,
502 1550 546 1598 vet
568 1550 654 1600 sotum
673 1550 720 1597 vet
738 1559 793 1598 une
811 1561 876 1599 cum
894 1546 999 1609 nigore
1017 1548 1046 1596 et
1062 1544 1210 1612 imbribus,
1233 1556 1304 1610 ιιιιιι-

251 1628 311 1667 rum
331 1616 523 1667 vicissitudine
540 1617 607 1667 iilud
625 1618 750 1668 effectum
769 1620 862 1683 esset,
891 1614 1150 1667 commemorandum
1169 1616 1305 1677 putasset.

250 1685 333 1736 certe
349 1685 509 1750 giessemnti
523 1685 620 1739 'similis
632 1700 684 1738 non
696 1695 748 1739 est.
781 1690 876 1749 Neque
890 1687 990 1746 copula
1004 1686 1064 1746 post
1077 1682 1203 1751 frigore,
1222 1690 1303 1749 quain

250 1754 298 1805 Dr.
317 1758 352 1805 A.
372 1754 446 1803 inter
462 1764 563 1805 versus
580 1755 710 1817 scriptam
729 1756 826 1821 hebet,
850 1754 1002 1805 consistere
1020 1766 1081 1804 cum
1099 1764 1135 1803 ee
1150 1754 1260 1823 nequit,
1278 1756 1303 1805 si

250 1822 354 1885 frigore
371 1830 400 1873 et
417 1823 548 1874 imbribus
565 1824 690 1875 effectum
707 1836 771 1872 esse
789 1824 887 1875 dicitur
903 1833 934 1871 ut
950 1824 1007 1872 tuto
1024 1823 1209 1875 tardarentur.

285 1890 422 1953 adsiduis]
448 1892 531 1943 Voss.
549 1895 584 1942 A.
600 1896 678 1957 Egm.
695 1892 797 1959 (Bong.
815 1890 865 1952 A.)
884 1892 948 1941 Par.
966 1892 1001 1943 A.
1019 1902 1074 1942 nou
1092 1902 1150 1940 aas.
1179 1914 1183 1923 =
1262 1890 1266 1897 “

285 1962 475 2021 tardarentur]
508 1962 591 2026 Bong.
611 1962 644 2010 A.
667 1964 694 2011 S.
723 1962 773 2012 01.
797 1962 869 2012 flav.
886 1962 921 2013 A.
938 1961 1022 2010 vind.
1040 1962 1074 2010 A.
1093 1960 1172 2010 Rom.
1190 1971 1218 2009 a.
1233 1962 1305 2013 Med.

251 2030 277 2082 a.
294 2030 366 2081 Veri.
384 2030 461 2083 node
480 2032 542 2081 Atd.
559 2042 584 2082 e.
604 2033 654 2082 Gr.
674 2042 700 2080 a.
717 2032 758 2084 St.
777 2032 809 2082 Β.
825 2033 897 2081 Mau.
916 2031 993 2081 rurr.
1008 2029 1049 2080 lu.
1069 2042 1127 2093 sqq.
1145 2028 1303 2082 traderen-

248 2102 302 2151 tur
320 2101 403 2150 Voss.
421 2100 454 2151 A.
476 2100 552 2164 idgm.
572 2101 634 2151 Por.
655 2101 687 2167 A.
707 2100 787 2150 Vret.
808 2104 843 2149 A.
861 2100 1093 2150 transdereatur
1106 2099 1168 2147 Aid.
1187 2100 1214 2152 b.
1233 2100 1302 2151 tut·-

248 2170 392 2221 maeatae
410 2167 488 2218 Leid.
507 2171 539 2218 Β.
556 2170 603 2220 Dr.
621 2170 652 2220 B.
669 2168 750 2218 Viud.
766 2170 797 2221 Β.
812 2169 884 2219 Ver.
903 2165 972 2219 1471
993 2180 1049 2219 see.
1063 2168 1125 2219 ltin.
1141 2166 1203 2223 Ber.
1216 2170 1305 2225 Vise.

249 2240 299 2290 cr.
318 2238 345 2289 b.
362 2236 479 2296 (Ereti.)
498 2238 575 2299 Lips.
598 2236 724 2300 (Lipsius
743 2241 855 2288 secutus
874 2230 986 2287 rid'erur
999 2236 1142 2300 Ursiuum,
1175 2237 1223 2301 qui
1240 2240 1303 2290 doris

249 2307 346 2358 scrioit
362 2306 389 2356 in
409 2305 648 2357 Emendatiouiuus
666 2306 805 2370 „Mittm
824 2319 888 2360 oum
907 2310 970 2358 toto
987 2310 1127 2370 tempere,
1146 2306 1220 2373 treta,
1240 2308 1303 2375 sri-

247 2387 339 2441 pare‚
357 2377 387 2425 et
407 2375 532 2425 assiduis
549 2375 685 2425 andricas
702 2378 921 2436 tardarentur).
958 2375 1004 2427 ita
1019 2378 1120 2439 tegitur
1138 2374 1167 2425 iu
1184 2386 1247 2427 meu
1265 2378 1304 2429 ii-

249 2443 329 2495 oro.“
339 2442 471 2494 tortasse
488 2442 555 2493 niirii
572 2448 683 2505 praeter
700 2447 819 2496 additum
837 2448 899 2497 tate
916 2447 1078 2496 vocabulum
1093 2452 1190 2495 notare
1203 2448 1304 2513 votuit,

248 2510 444 2564 tardarentur
462 2525 498 2561 ex
517 2512 565 2562 (tr.
583 2513 620 2576 n,
637 2523 708 2576 quae
725 2517 758 2564 ad
778 2527 874 2565 manus
893 2523 978 2581 esset,
995 2514 1125 2573 rettulit.)
1145 2518 1304 2568 terreren-

248 2584 302 2632 tur
316 2578 396 2633 Carr.
412 2580 482 2631 Lov.
500 2581 537 2647 „i
558 2578 629 2630 aiii“
649 2584 722 2632 Gott.
740 2585 806 2635 Lon.
822 2586 914 2635 Brant.
928 2585 1013 2647 Bong.
1028 2585 1059 2633 G.
1071 2582 1132 2633 Pei.
1150 2585 1210 2637 cod.
1226 2586 1304 2639 Turr.

248 2650 296 2704 Dr.
316 2646 350 2701 A.
368 2648 385 2700 e
401 2662 438 2702 m.
455 2660 512 2700 sec.
531 2650 611 2699 Vret.
629 2651 682 2701 Bc.
701 2652 797 2702 Hamis.
816 2655 869 2704 (iu.
886 2654 968 2703 vind.
988 2653 1052 2704 iicl.
1070 2653 1126 2703 inc.
1143 2654 1305 2707 terreatur

249 2720 328 2772 Goth.
347 2720 379 2771 Β.
397 2727 426 2768 et
443 2728 462 2769 e
479 2730 515 2769 m.
527 2732 567 2781 pr.
585 2720 633 2769 Dr.
649 2723 683 2772 A.
697 2724 872 2775 tenerentur
884 2722 961 2772 utor.
976 2723 1061 2781 (ven.
1074 2723 1106 2785 i.)
1120 2728 1306 2783 concreatur

250 2790 325 2839 velut
339 2800 374 2839 ex
389 2788 481 2852 Lipsii
499 2789 657 2841 coniectura
674 2790 701 2842 iu
719 2792 803 2843 Febr.
821 2793 988 2854 adscriptum
1005 2793 1057 2841 est.

214 2924 266 2974 aas
283 2922 478 2988 murisubique
492 2927 587 2977 eedem
601 2927 672 2991 eret,
689 2925 741 2975 de·
780 2928 827 2979 iro
853 2941 878 2982 c.
896 2930 932 2981 72
950 2925 977 2988 S.
996 2930 1028 2977 2:
1057 2928 1187 2995 relicuas
1208 2932 1309 2989 omisis

213 2992 360 3056 scriptione
386 2995 512 3055 absoluta
537 2994 747 3060 crassitudinis,
781 2998 955 3049 munitiones
985 2997 1019 3047 ad
1050 3008 1085 3049 ea
1113 3001 1196 3064 fossa
1217 3004 1307 3069 pedes

214 3075 285 3127 quae
300 3064 470 3131 pleramque
487 3070 563 3130 erat,
584 3076 740 3115 mensuram
782 3068 1009 3134 quadringentas
1025 3069 1157 3120 redemit.
1288 3066 1292 3071 “

124 3129 128 3137 “
214 3130 500 3184 etmodumosteudit.
534 3133 740 3199 Ablctiviper-
836 3138 901 3198 cap.
921 3132 962 3184 rt.
991 3138 1051 3199 §.1
1082 3138 1188 3190 urs-tae
1207 3132 1306 3205 rebus]

212 3201 310 3265 petreis
325 3202 455 3254 traditus
469 3214 555 3265 neque
567 3202 606 3253 ita
618 3194 739 3254 absoluti
782 3219 851 3270 quoe
869 3219 893 3257 o.
912 3206 947 3253 22
962 3213 990 3253 et
1007 3207 1041 3257 23
1058 3218 1123 3260 sunt
1134 3210 1306 3265 demonstra-

213 3273 515 3337 monumentorum
533 3274 739 3325 attarntstra-
783 3278 837 3324 tae.
879 3275 947 3325 Nem
972 3276 1042 3326 murt
1065 3289 1172 3339 quoque
1196 3280 1306 3333 ratione

212 3339 290 3391 didus
314 3353 350 3391 ac
377 3342 475 3406 sacris,
507 3353 595 3404 neque
620 3339 661 3390 sic
679 3354 740 3393 oum
780 3342 904 3405 impediri
936 3346 1164 3407 oppugnationem
1189 3360 1308 3401 necesse

211 3410 349 3462 recincta
364 3413 521 3475 cohaerent,
539 3419 569 3460 ut
587 3413 613 3475 3,
632 3408 738 3472 13'S.5
780 3416 858 3477 erat,
890 3426 978 3473 neque
1000 3415 1091 3477 inepte
1108 3428 1170 3467 eam
1187 3420 1306 3483 scriptor

214 3480 327 3547 ferreis
339 3480 451 3531 catenis
464 3480 493 3529 in
508 3480 601 3530 veritis
612 3492 740 3531 ancorae
779 3484 829 3531 noc
845 3481 1013 3541 potissimum
1026 3484 1085 3534 loco
1098 3486 1305 3541 describendam

211 3560 268 3614 pro
295 3550 414 3617 faciens
429 3548 541 3617 ferreis
560 3551 671 3601 uetanis
688 3563 739 3601 re·
777 3550 953 3603 existimavit.

211 3618 345 3684 cinctae,
370 3621 419 3668 sed
436 3620 593 3675 accuratius
609 3619 739 3670 definiunt
828 3622 968 3684 aggerem]
985 3622 1131 3684 Perperem
1143 3625 1312 3691 Metapirrti-‚

211 3684 259 3749 id,
285 3688 356 3750 quod
377 3688 512 3739 revincta
528 3689 679 3753 significat,
710 3692 738 3738 et
776 3696 834 3739 stes
859 3691 886 3740 n.
904 3691 923 3739 1.
946 3688 1027 3757 κριὸν
1043 3695 1071 3741 et
1087 3692 1113 3753 S.
1134 3696 1196 3744 iet
1212 3696 1232 3746 4
1249 3700 1307 3771 rap-

210 3755 327 3805 trabtum
342 3759 659 3819 perpetuitatemcutueo
670 3768 736 3808 oon·
776 3752 862 3823 κανὴν
880 3762 977 3823 posuit,
995 3762 1116 3825 fortusse
1134 3763 1164 3813 iu
1182 3766 1306 3817 errore'n

209 3823 331 3893 iunctam
349 3827 575 3889 cogitariiutuent.
610 3830 736 3879 Accusa-
776 3829 902 3878 inductus
929 3840 979 3894 eo,
1005 3832 1074 3891 quod
1097 3830 1124 3880 is
1142 3836 1227 3895 peuto
1243 3830 1305 3897 pos't

210 3890 264 3942 tivi
278 3894 365 3957 perles
380 3897 584 3963 quadragenos
598 3900 634 3945 dx
651 3899 735 3948 verbo
775 3910 892 3949 maram
903 3898 1027 3950 toruum
1038 3904 1306 3971 paeaeaaaeoaper'e

209 3962 346 4014 recincta
364 3966 668 4033 percontumacia,
686 3978 736 4027 per
777 3969 893 4029 dicitur,
917 3978 945 4017 et
962 3980 1065 4020 memor
1080 3970 1207 4037 itteram,
1233 3980 1304 4039 qaue

209 4033 280 4095 quod
311 4034 436 4084 revincta
464 4036 582 4086 materia
615 4037 734 4097 pertinet
773 4034 1304 4109 2,aas.1seriptasunt,repatuit,

186 4128 191 4141 ι
208 4104 290 4173 utque
303 4104 466 4170 extenditur,
485 4106 620 4171 tamquam
634 4107 669 4155 ab
682 4104 733 4155 trac
776 4118 862 4170 quam
874 4119 990 4159 marom
1002 4109 1082 4160 artes
1094 4111 1253 4179 attigisset,
1271 4116 1303 4165 s'e

205 4170 334 4223 emaum
347 4179 507 4237 proponunt.
542 4172 730 4227 stanneu-
775 4174 964 4243 araneam,
999 4190 1069 4241 quae
1107 4188 1185 4235 reete
1215 4170 1302 4237 vertit
