2700 4726
399 294 501 366 oro.
523 296 605 367 vn.
649 297 770 369 cnr.
792 303 836 372 oo
1093 307 1161 376 oro
1236 291 1239 296 ’

65 481 280 577 tenebuntur,
317 482 477 572 Gallique
505 488 537 551 io
570 488 759 575 conloquiis
788 490 1010 558 interclusum
1034 490 1155 559 itinero

65 579 101 636 et
124 570 246 656 luigero
260 568 440 638 Cossorum
463 573 576 662 inopie
600 575 762 642 frumenti
784 587 936 645 coeotum
959 578 994 643 iu
1017 581 1154 665 provio-

64 658 151 722 oiom
181 658 395 726 contendisse
424 661 680 730 confirmabunt.
722 663 894 732 Bellovaci
922 671 1034 732 eutem
1058 665 1197 736 desset

65 747 178 811 ctione
201 743 418 813 Haeduorum
440 749 593 834 cognite,
629 749 689 836 qui
711 759 789 817 eote
811 760 910 820 orout
933 775 995 841 per
1017 774 1055 820 eo
1077 754 1152 820 infi-

134 950 343 1020 edferebontor]
373 988 380 1004 .
400 986 409 1004 .
429 955 535 1007 .llobr.
560 955 624 1008 Por.
642 956 679 1012 A..
698 953 798 1023 (Bong.
816 955 863 1023 A.)
879 959 960 1012 Vrec.
979 961 1012 1008 A.
1031 973 1085 1012 non
1101 960 1151 1028 σῇ.

97 1015 247 1086 (offerret.
266 1022 378 1082 llomb.)
1214 1034 1216 1039 ’

133 1090 297 1152 conloquiis]
330 1091 414 1147 Voss.
432 1094 465 1142 A.
489 1094 565 1156 llgm.
591 1092 666 1144 Gott.
692 1094 758 1146 l’er.
775 1098 809 1147 A.
832 1094 930 1163 (lloog.
949 1099 998 1157 A.)
1019 1096 1098 1149 Vret.
1116 1095 1150 1150 A.

98 1168 151 1208 non
170 1160 232 1207 coll.
252 1160 376 1225 colloqui
391 1162 435 1213 eet
454 1162 535 1215 Vlnd.
552 1160 585 1212 A.

133 1225 248 1294 Ligure]
278 1229 365 1295 Bong.
383 1234 417 1284 A.
434 1232 475 1282 Pl.
494 1232 565 1286 flav.
584 1233 618 1282 A.
638 1231 721 1287 Viod.
739 1236 773 1284 A.
792 1231 868 1288 Vret.
888 1222 919 1284 θ’.
938 1236 998 1288 cod.
1017 1236 1091 1287 Petr.
1106 1237 1151 1299 10,

96 1296 142 1345 26.
161 1298 222 1347 Ald.
240 1299 284 1351 ub.
299 1300 349 1349 (lr.
366 1310 392 1349 a.
410 1300 441 1350 P.
458 1302 533 1351 Mon.
551 1300 628 1365 Iulos.
645 1297 686 1351 Iu.
704 1302 755 1353 Gr.
774 1302 844 1353 nov.
861 1303 903 1354 Gl.
923 1297 1037 1369 Liyerio
1053 1304 1151 1356 ilorob.

96 1367 188 1430 ledere·
213 1366 286 1420 Gott.
311 1370 380 1420 wo.
402 1369 468 1437 otor
490 1369 572 1422 Viod.
589 1371 621 1421 ll.
646 1369 747 1438 blaesi
765 1371 874 1436 „Voss
892 1370 925 1421 A.
944 1376 1020 1437 llgru.
1038 1376 1056 1423 6
1073 1369 1151 1425 aili“

96 1435 176 1492 (l‘ar.
198 1436 246 1490 A.)
265 1437 349 1487 Gonll.
369 1437 421 1490 Gn.
440 1437 522 1490 Vind-
541 1440 573 1490 ll.
593 1452 655 1491 oum
673 1439 821 1504 reliquiae
839 1443 1027 1510 metoliton,
1045 1443 1088 1493 ed.
1107 1456 1151 1506 pr.

94 1505 168 1555 Petr.
186 1506 245 1554 edd.
263 1508 324 1556 rell.
362 1504 405 1556 ct.
425 1509 488 1560 adu.
505 1519 545 1557 or.
563 1509 598 1557 od
613 1512 641 1574 3,
660 1512 678 1558 9
694 1512 767 1572 Set.

130 1573 156 1634 S.
174 1576 191 1622 ²
209 1573 314 1642 eutero]
331 1588 381 1627 orn.
401 1576 452 1627 01.
469 1578 497 1627 S.
515 1576 591 1627 [leid.
610 1581 645 1629 Δ.
664 1579 736 1630 llov.
755 1584 789 1628 A.
807 1576 888 1627 vind.
908 1580 946 1629 A.

128 1639 188 1704 qui]
219 1643 287 1706 qnia
310 1645 421 1710 „Voss
442 1649 466 1696 A
494 1656 566 1696 om.
589 1661 630 1708 or.
655 1648 821 1710 Egu.1.ov.
846 1655 963 1710 quotuor
980 1643 1058 1698 alii“
1075 1647 1150 1698 doto.

93 1711 172 1773 ligor.
198 1711 279 1761 Febr.
305 1716 416 1772 (tacens
439 1714 474 1764 de
489 1714 574 1766 voss.
591 1718 643 1774 A.)
661 1718 722 1767 l’ul.
740 1717 803 1767 Per·
822 1717 855 1765 A.
874 1716 922 1767 Dr.
942 1716 971 1764 u.
991 1716 1074 1768 Vrat.
1092 1714 1149 1767 AG.

94 1783 124 1829 et
146 1791 164 1830 a
188 1793 223 1831 m.
247 1794 289 1845 pr.
306 1782 337 1832 lt.
356 1783 435 1834 Gotb.
452 1784 484 1835 lt.
502 1784 599 1835 Hemb.
621 1785 674 1836 tiu.
693 1784 776 1836 vind.
795 1785 830 1838 Ε.
849 1785 926 1850 „qm
943 1783 1011 1850 uuio
1027 1786 1081 1849 leg.
1100 1784 1151 1851 out

60 1966 225 2025 secundum,
244 1965 340 2031 iuquit,
359 1974 457 2020 motum
475 1967 584 2020 belliue
627 1983 680 2025 root
697 1973 742 2026 bot
766 1969 906 2037 doemone
924 1969 1061 2039 delecto),
1091 1981 1151 2025 otoo

60 2034 153 2084 dicere
177 2034 302 2102 videtur,
332 2045 387 2087 uon
418 2049 530 2087 nurnero
556 2040 585 2087 et
626 2039 763 2105 oetft'dtttte
781 2038 916 2106 euoenon.

58 2103 169 2154 ordine:
200 2106 249 2154 sed
272 2107 374 2155 evento
398 2109 427 2154 et
444 2117 584 2155 successu.
678 2109 858 2158 interclusum
880 2106 977 2156 itinere
1000 2109 1028 2156 et
1050 2104 1152 2176 Ligure

59 2174 113 2222 Sed
143 2175 213 2235 qnod
243 2172 399 2237 argumenti
424 2174 484 2224 loco
509 2174 585 2224 addit
627 2174 788 2236 caesarem]
825 2173 893 2226 (lum
925 2174 952 2224 iu
983 2174 1107 2236 provino‘

58 2242 154 2308 „Nom
180 2242 264 2292 multo
281 2244 377 2304 plores
395 2241 505 2293 (talliae
523 2254 584 2293 mo·
627 2244 912 2296 contendissecoeser
932 2242 1076 2305 diceretur,
1079 2186 1154 2359 yffi

58 2319 114 2373 tus,
135 2313 162 2360 et
179 2309 341 2361 rebelliones
361 2307 496 2362 loeroot“
515 2312 584 2363 nibil
627 2315 706 2366 omni
728 2314 854 2376 ttinere,
881 2314 910 2362 ut
928 2312 1020 2362 Varro
1044 2310 1077 2363 ci
1099 2312 1152 2376 .2‚

57 2381 94 2430 ed
120 2391 179 2428 rero
204 2379 280 2430 lecit.
316 2380 404 2431 llltiem
423 2380 448 2430 sl
466 2392 498 2431 re
516 2391 586 2431 vere
627 2387 662 2436 20
682 2383 708 2444 s.
725 2383 752 2447 7,
769 2382 948 2434 interclusos
964 2379 1019 2430 dloi
1036 2384 1152 2443 poteret,

57 2459 171 2499 numero
196 2450 334 2499 secundus
357 2450 458 2500 luisset
476 2454 518 2510 (et
536 2461 586 2512 oo·
629 2456 741 2517 sedeo,
760 2464 812 2516 quo
829 2452 863 2501 ad
882 2449 1032 2502 Labienum
1047 2461 1152 2516 perve-

57 2521 133 2567 terat
157 2517 239 2568 elicui
265 2518 342 2568 initio
368 2520 434 2571 ounl
451 2528 586 2569 motumu
628 2524 688 2573 nire
712 2527 821 2586 posset,
851 2520 880 2569 ln
903 2531 956 2582 quo
984 2518 1068 2582 Liger
1090 2521 1152 2569 eret

57 2586 288 2650 Vercingetorige
332 2588 432 2637 bellurn
473 2589 587 2650 primus,
628 2591 821 2642 transeundus.
858 2585 952 2651 ltaque
967 2589 1107 2638 Krouerus
1121 2590 1153 2639 et

58 2657 178 2705 defectio
198 2658 368 2706 Haeduorum
385 2659 520 2707 secundus
535 2660 586 2706 bo·
629 2661 734 2729 lthere
752 2659 787 2709 ad
806 2656 985 2708 deliniendum
1003 2656 1056 2706 iter
1075 2656 1155 2706 eddi-

57 2725 104 2775 ius
129 2723 193 2775 euni
217 2728 308 2776 motus
335 2725 445 2776 Galliae
471 2721 586 2789 videri),
628 2735 684 2782 tum
714 2719 810 2791 puteie
836 2733 864 2777 et
882 2728 951 2775 lione
968 2728 1057 2776 locoru
1078 2737 1154 2776 com-

56 2803 151 2845 temen
175 2808 228 2845 uou
252 2804 286 2845 eo
312 2795 419 2844 nornine
442 2795 587 2858 appellari,
621 2809 730 2862 ‚parere
749 2809 809 2846 coru
826 2799 854 2858 2,
872 2797 907 2844 22
926 2793 952 2853 s.
973 2797 988 2843 1
1007 2797 1035 2843 et
1054 2793 1154 2844 simili-

57 2865 109 2913 sed
142 2861 330 2913 antecedentis
356 2863 464 2914 ratione
495 2863 586 2913 babitu
629 2871 679 2918 bus
697 2865 790 2928 potnit.
826 2866 879 2914 sed
896 2869 986 2913 tumeo
1003 2861 1156 2914 lncooeice

56 2944 152 2984 novus
168 2935 214 2982 vel
232 2934 352 2992 ductus,
376 2937 406 2982 ut
424 2944 448 2982 ο·
467 2934 503 2981 63
521 2929 548 2990 S·
569 2932 584 2978 1
629 2937 708 2985 liuius
726 2935 779 2984 loci
799 2931 936 2984 brevitate
954 2932 1071 2993 emplius
1090 2930 1155 2994 quid

57 3002 393 3054 delectiouelloeduorum
407 3001 585 3064 coguitebel-
627 3002 809 3068 significatum
828 3005 872 3064 et,
903 3000 1030 3064 quoniam
1048 2998 1155 3052 ttinere

56 3072 116 3122 lom
129 3071 234 3137 uoueri
246 3069 354 3135 dicitur,
367 3071 423 3120 dlol
436 3069 586 3122 debuisset.
627 3074 804 3124 interclusos
828 3071 959 3122 luoerturu
977 3078 1038 3135 est,
1062 3077 1153 3119 utrutu

56 3141 223 3192 secondom
238 3147 330 3189 eutem
349 3151 488 3203 eoseum,
506 3151 583 3202 quem
626 3140 810 3206 ingrediendl‚
836 3151 874 3189 on
892 3137 1051 3190 conficiendi
1071 3138 1154 3186 itine-

56 3211 129 3261 vidit
152 3211 356 3274 Hotomanus,
393 3219 444 3271 quo
477 3208 585 3270 proelio
625 3213 668 3264 ris
683 3211 816 3285 facultate
839 3207 965 3270 privatos
983 3207 1030 3271 sit,
1047 3206 1153 3272 Ltqere

56 3278 189 3347 saepius,
221 3290 311 3328 reruro
330 3281 480 3339 proventus
497 3289 584 3341 supro
626 3281 805 3332 interclusos
827 3279 918 3334 autern
943 3277 1012 3328 bend
1030 3277 1110 3325 dubie
1127 3277 1153 3324 ie

56 3361 84 3398 c.
97 3348 134 3400 29
147 3351 175 3412 s.
186 3353 203 3399 3
213 3347 332 3399 secundi
351 3355 494 3409 vocentur,
513 3347 583 3398 1111-
615 3354 681 3415 ¹est,
698 3350 746 3413 qui
763 3347 841 3398 edire
857 3347 1024 3408 odngereru
1039 3357 1153 3407 eumque

56 3418 115 3468 liae
142 3426 242 3468 motum
267 3418 361 3466 dicens
387 3416 506 3477 scriotor
529 3427 584 3468 non
627 3421 747 3471 transire
769 3414 879 3480 nequit,
911 3415 1029 3465 additum
1051 3417 1102 3464 boo
1120 3425 1154 3464 eo

11 3542 13 3547 ,
55 3499 136 3537 soum
160 3488 193 3536 de
222 3498 254 3536 eo
272 3485 401 3536 iudicium
419 3485 584 3552 pronuntiat,
627 3489 741 3540 consilio
760 3486 878 3551 videtur,
896 3482 1039 3535 utcaeser
1056 3482 1154 3533 ulier·

11 3563 15 3571 ¹
56 3555 109 3606 sed
126 3557 233 3618 qualem
250 3566 375 3605 rumores
393 3555 584 3608 udlaobieuunt
627 3558 711 3623 gorio
728 3555 870 3607 discedens
888 3551 941 3602 iter
959 3554 992 3602 ad
1004 3552 1154 3602 Labienum

11 3630 16 3691 ζ
56 3624 136 3676 allati
155 3623 277 3691 tulerint,
296 3624 423 3674 ostendit.
627 3630 771 3692 ingressos
796 3625 830 3675 od
856 3620 981 3686 Ligerem
1005 3620 1153 3682 pervenire

11 3700 15 3707 “
628 3711 680 3749 noo
695 3695 818 3756 notuisse
830 3693 1071 3743 demonstraretur.
1108 3690 1153 3737 si-

113 3761 142 3810 iu
171 3759 335 3825 conloquiis]
369 3773 440 3825 quae
470 3765 584 3817 Romani
627 3763 802 3828 mulbigoris
821 3761 1039 3813 commemoratio
1058 3760 1152 3809 edmo-

11 3866 16 3899 ‚
57 3830 162 3882 certius
197 3832 230 3880 de
265 3831 419 3883 rumoribus
450 3834 584 3897 cognituri
627 3839 674 3886 net
692 3847 794 3898 eorum,
814 3843 884 3894 quoe
901 3843 926 3883 c.
944 3831 978 3882 55
996 3828 1021 3891 S.
1037 3831 1054 3878 9
1071 3836 1099 3876 et
1118 3828 1153 3877 10

12 3938 14 3945 .
57 3914 120 3950 oum
147 3902 254 3961 pecatis
279 3901 460 3952 instituerent.
496 3903 584 3953 Aliter
628 3908 661 3956 de
681 3901 858 3953 excludendis
878 3902 912 3950 eb
927 3912 958 3949 re
973 3897 1154 3950 frumentario

56 3969 160 4019 urano.
179 3969 355 4034 Wagnerus:
377 3970 444 4034 boob
463 3970 585 4037 nerstein:
627 3972 757 4026 Romanis
777 3971 852 4021 dioto
866 3974 938 4032 eunt,
957 3977 986 4017 uo
1003 3968 1085 4017 etiarn
1104 3964 1152 4012 iot·

58 4042 101 4093 teo
119 4038 156 4092 bio
175 4040 272 4094 blotliet
292 4040 343 4105 bit,
371 4040 471 4104 tottdtto
489 4040 520 4106 lie
536 4052 585 4095 boo
610 4044 710 4107 -ootoe
727 4039 885 4108 frumenti,
908 4049 961 4103 quo
979 4036 1084 4089 coesse
1101 4045 1153 4083 eo-

57 4110 103 4162 beo
120 4108 238 4174 uoltissto
256 4107 417 4178 becconeten,
443 4111 488 4175 bot
506 4110 585 4175 ditet
628 4116 708 4165 ectus
731 4112 760 4162 lu
785 4108 955 4173 provinciam
975 4103 1152 4165 contenderit,

56 4179 113 4228 eto.
148 4177 206 4227 lico
223 4179 320 4230 uellus
339 4179 505 4244 bippertuot
531 4179 583 4237 bite
627 4182 698 4244 rotio
717 4183 768 4234 boo
786 4178 879 4233 eddlto
896 4176 973 4228 reddl
991 4174 1127 4228 vldeotur.

108 4260 148 4313 ll.
905 4245 950 4312 33
