2700 4726
373 276 479 346 LIB.
508 271 591 344 vit.
645 275 771 349 cAP.
797 279 844 349 59
1096 283 1166 351 517

67 466 192 546 losoni,
213 461 445 554 quaesivites
463 465 499 531 in
520 463 635 534 Gellia
655 465 832 533 munimem
850 464 952 534 habet
970 465 1162 554 opinionem

68 554 233 634 virtutis,
257 553 446 634 instabant,
473 553 619 620 niteram
641 552 892 641 Camulogenus
913 565 1036 643 parato
1059 564 1161 642 utque

68 645 241 712 instructo
260 642 412 708 exercitu
428 640 581 726 tenebat-3
602 649 674 709 tum
696 644 847 730 legiones
871 663 891 710 n
912 642 1084 731 praesidio
1107 651 1160 710 nt·
1179 644 1220 698 Ρ

102 817 201 870 dicum
218 818 303 869 [torn.
321 824 350 867 et
367 817 443 870 Gott.
460 829 517 870 seo.
538 818 607 874 oud.
628 821 712 872 Voss.
727 821 762 871 A.
780 823 809 871 et
825 820 901 871 (ἔστι.
918 829 976 870 sec.
994 819 1076 870 liobr-
1089 821 1160 872 Med.

86 888 130 941 n.
149 890 220 938 ven.
238 887 316 939 bede.
334 887 521 953 erendutcum
540 887 671 944 vindi).
696 891 774 942 Rom.
795 902 821 939 u.
846 887 1034 953 coendincum
1059 889 1105 940 Dr.
1125 891 1160 943 A.

104 956 273 1022 euediucum
292 958 356 1007 Par.
369 958 403 1006 A.
422 958 493 1010 Heu.
509 961 544 1011 A.
563 956 638 1011 Gott.
660 960 729 1012 Wi.
747 959 829 1009 Vtut.
850 958 881 1009 c.
905 958 985 1009 Goth.
1006 959 1037 1008 B.
1062 958 1159 1010 Hnmb.

103 1029 157 1077 Gn.
176 1027 344 1092 eqednicum
360 1026 420 1076 Psi.
439 1027 587 1094 cordicum
607 1027 688 1082 vind.
704 1027 736 1077 Ii.
756 1026 922 1093 carducum
945 1025 1028 1075 vind.
1051 1026 1074 1077 1.
1095 1034 1123 1076 et
1141 1038 1161 1076 e
1257 1040 1263 1047 ·

102 1110 137 1147 m.
158 1109 199 1158 pr.
223 1098 303 1146 Vrot.
322 1097 352 1148 B.
378 1096 548 1160 eoiduucuen
567 1099 615 1148 Dr.
636 1099 665 1147 li.
684 1097 875 1164 qudruyum
892 1095 964 1145 Doir.
981 1094 1064 1146 vind.
1082 1094 1115 1147 c.
1129 1097 1161 1148 et

104 1165 255 1231 inicorum
274 1168 350 1228 Agru.
367 1165 448 1215 Vrut.
462 1170 496 1216 A.
530 1164 573 1218 (ii.
591 1167 652 1218 edu.
672 1180 713 1216 cr.
729 1169 764 1217 ed
783 1169 811 1230 6,
828 1163 865 1216 44
881 1165 907 1225 s.
927 1168 954 1214 3.

139 1231 294 1299 reduceret]
314 1235 456 1286 reducere
470 1236 530 1287 Pet.
545 1235 630 1286 coni.
649 1237 721 1287 iinv.
732 1234 763 1284 A.
784 1235 864 1285 Goth.
876 1237 910 1284 A.
927 1233 1084 1286 reduceret
1100 1246 1162 1287 cum

102 1303 216 1366 reliquis
234 1305 311 1364 Egm.
329 1303 411 1354 Febr.
430 1316 464 1353 ex
481 1316 533 1368 quo
551 1304 646 1356 codice
659 1305 728 1357 oud.
750 1305 907 1356 lacesseret
923 1305 1009 1355 refert
1026 1306 1158 1366 deuotus

101 1373 242 1433 adscripto
259 1370 288 1420 in
305 1372 387 1424 Febr.
406 1375 576 1439 lacesceret,
595 1385 666 1437 quae
684 1386 737 1426 non
756 1374 851 1436 huius,
869 1374 918 1423 sed
935 1371 1059 1434 proximo
1074 1385 1159 1436 prue-

101 1441 225 1492 cedentis
248 1441 327 1490 verbi
350 1443 511 1494 incesseret
539 1443 662 1496 varietus
686 1446 731 1494 est
753 1441 902 1495 communis
920 1441 1009 1492 codici
1033 1442 1075 1493 itii
1097 1455 1160 1495 curn

128 1523 153 1560 Γ·
171 1512 205 1559 A·
1048 1550 1051 1558 .

101 1511 163 1638 DS.
182 1578 198 1629 5
215 1559 369 1698 instabunt}
385 1577 512 1629 insidiet
529 1579 625 1644 „MSS.
643 1575 682 1629 8“
698 1580 783 1630 Voss.
802 1581 837 1630 A.
855 1579 933 1643 Egm.
952 1579 1028 1631 Gott.
1045 1581 1111 1632 Par.
1125 1583 1161 1632 A.

101 1649 161 1699 Pes.
187 1649 269 1710 [teng.
292 1647 322 1697 c.
372 1650 407 1699 oi.
433 1642 519 1704 Coun.
547 1648 617 1698 fler.
635 1649 669 1699 A.
698 1647 746 1699 Dr.
766 1650 794 1699 ti.
818 1650 899 1702 Vrec.
917 1647 974 1700 Ac.
1001 1649 1082 1699 Goon.
1102 1645 1157 1700 Ati.

100 1720 199 1771 Homo.
220 1717 272 1766 Gn.
296 1715 378 1768 Vind.
395 1716 476 1768 Acii.
500 1718 578 1769 nou.
604 1728 632 1767 n.
657 1717 728 1768 nied.
753 1729 778 1768 n.
804 1719 874 1768 ven.
895 1719 1062 1769 onerante
1084 1731 1158 1771 corr.

102 1789 169 1837 Aid.
195 1799 220 1836 e.
262 1784 436 1848 §iugularem
462 1784 576 1839 caesui
601 1784 731 1836 vitiosum
757 1798 824 1836 non,
835 1798 899 1835 esse
925 1785 1015 1837 visum
1039 1786 1160 1839 ostendis

100 1856 163 1906 Gir.
181 1857 209 1917 2,
227 1855 260 1904 19
279 1853 304 1915 s.
325 1854 357 1906 ⁵:
372 1855 480 1906 lisdem
495 1854 592 1906 coeno
609 1853 827 1920 Carmonenses,
848 1867 922 1919 quoe
940 1858 985 1907 est
1002 1859 1087 1923 tonqe
1105 1855 1161 1922 fir-

100 1924 229 1975 missimo
246 1922 336 1972 totius
352 1923 524 1987 prorriuciue
541 1922 663 1987 ciuitas,
680 1924 813 1975 deductis
831 1923 925 1974 tribus
941 1924 973 1975 ire
989 1938 1090 1978 urcem
1107 1940 1162 1992 op-

99 1995 161 2058 pidi
179 1991 345 2044 cohortibus
363 2009 384 2044 o
399 1996 533 2044 Varrone
549 1992 698 2057 praesidio
712 2004 769 2054 per
786 2004 818 2042 se
835 1991 971 2045 cohortes
990 1995 1075 2048 eiecit
1085 2007 1161 2059 uer·

100 2066 206 2127 tusone
218 2062 387 2125 praeclusit.
423 2065 477 2113 sed
489 2075 551 2113 cunr
564 2074 613 2125 per
625 2061 734 2111 codices
748 2061 843 2123 licent,
862 2061 905 2112 hic
919 2062 1022 2113 rectius
1035 2064 1161 2128 posuisse

22 2171 24 2176 .
100 2133 263 2183 iudicandus
281 2133 334 2178 est.

136 2202 206 2260 tum]
225 2199 351 2252 etheid.
369 2199 401 2250 li.
421 2198 462 2248 De
482 2197 548 2250 eliis
565 2200 602 2251 cf.
622 2200 657 2250 nd
673 2197 701 2261 s.
719 2201 737 2249 3
755 2197 905 2260 adscripto.
1131 2244 1139 2269 ,

897 2283 902 2292 ι
1121 2272 1149 2325 δι,

120 2353 147 2414 S.
162 2351 178 2404 5
193 2355 310 2404 eicerem
320 2353 594 2417 cemutogenusetc]
637 2355 681 2403 Ad
697 2352 761 2415 quid
781 2355 894 2414 uerutus
907 2353 935 2402 et
950 2363 1002 2416 uno
1013 2349 1164 2409 insuuctus
1181 2354 1184 2358 ’

65 2424 184 2475 Medium
203 2423 286 2486 igitur
300 2422 374 2473 inter
393 2424 463 2472 hunc
481 2431 509 2472 es
527 2424 594 2473 Bei-
637 2422 777 2473 exercitus
793 2421 886 2488 inerit,
903 2434 950 2471 res
970 2421 1031 2484 ipso
1049 2422 1163 2493 indicat,

62 2496 181 2544 lorncos
194 2494 250 2542 tum
265 2493 353 2542 iocum
367 2491 594 2544 tenebstlnbie-
636 2503 688 2542 nec
711 2492 802 2541 minus
827 2489 973 2554 perspicus
995 2493 1081 2559 haec,
1114 2498 1164 2547 sed

65 2575 120 2612 nus
139 2562 187 2625 itu,
208 2564 238 2610 ut
256 2562 291 2608 nd
303 2559 516 2625 septentrionem
528 2574 593 2624 spe·
636 2560 768 2611 breviore
784 2563 889 2611 tentum
907 2567 980 2623 suut,
998 2573 1076 2624 quom
1093 2561 1163 2617 iliud

66 2634 149 2681 ciens
167 2642 184 2680 e
203 2631 300 2680 dextro
315 2631 496 2696 Bellovacos,
515 2642 534 2680 e
551 2631 592 2679 si-
636 2628 669 2695 5,
687 2629 703 2681 5
722 2628 750 2691 s.
767 2633 800 2678 2:
828 2629 957 2694 reliques
974 2630 1091 2690 (naves)
1107 2645 1163 2697 pe-

63 2700 157 2751 nistre
182 2695 396 2762 Camulogenum
425 2699 479 2746 sibi
503 2699 592 2750 imni-
636 2697 1164 2764 ratusednauiyundumotqueomnt·

62 2776 161 2819 nentes
186 2768 307 2820 nuberet.
351 2769 392 2816 iix
416 2780 467 2829 quo
492 2781 594 2819 secun·
636 2767 687 2817 tus
722 2768 810 2820 retus
844 2769 1009 2818 instructas
1042 2756 1163 2826 incenit.

64 2840 130 2888 dnm
148 2847 198 2899 eu,
217 2848 290 2900 quoe
304 2835 335 2886 in
353 2837 415 2890 ndu.
434 2835 495 2889 crit.
515 2839 549 2887 nd
567 2851 593 2889 o.
636 2835 680 2886 (ii.
696 2838 731 2904 3,
751 2835 786 2885 14
802 2837 829 2906 §.
848 2840 880 2888 22
903 2835 1026 2888 circiter
1042 2836 1161 2893 CCXX.
1210 2846 1213 2861 ·

63 2906 102 2959 58
122 2906 150 2968 S.
166 2903 185 2956 4
201 2907 343 2968 dunstato
362 2906 442 2969 sunt,
473 2905 593 2956 efficitur
636 2917 726 2956 noves
739 2904 1061 2969 eorumooretissimoe
1073 2912 1163 2973 utque

62 2976 157 3039 ipsum
182 2975 210 3024 in
237 2976 335 3026 dextre
350 2976 493 3036 sequence
515 2979 594 3036 ports
625 2975 713 3024 omui
734 2985 842 3042 uenere
858 2986 1015 3028 armorum
1030 2979 1163 3032 erueris

63 3047 162 3096 castro
179 3044 317 3108 habuisse,
334 3043 546 3106 Camulogenum
566 3044 593 3093 in
635 3044 733 3096 sunus·
819 3097 823 3100 ,

64 3113 182 3164 sinistra
214 3121 310 3164 contro
337 3123 398 3164 eum
423 3112 594 3178 consedisse,

62 3184 181 3248 priunum
197 3181 334 3234 Lutetiam
352 3184 479 3246 petentes
491 3181 594 3232 [tomu-
688 3177 877 3242 apraesidio]
902 3181 964 3233 Hoc
982 3179 1031 3231 alii
1049 3184 1163 3244 suppio·

63 3264 117 3303 nos
142 3252 173 3302 in
191 3250 306 3303 sinistro
322 3251 440 3304 fluminis
458 3249 519 3313 ripn
538 3249 593 3302 iter
635 3255 764 3313 mentum,
780 3251 850 3312 quod
865 3261 953 3317 nuper
963 3263 999 3300 ex
1011 3249 1095 3301 ltnlio
1108 3253 1162 3301 ve-

64 3320 169 3372 fecisse
187 3322 315 3384 falseque
333 3333 396 3371 esse
406 3316 481 3382 'unse
494 3321 593 3382 denu-
634 3324 723 3386 neret,
730 3317 862 3378 Agedinci
874 3317 1072 3382 impedimenti
1080 3332 1163 3382 mee·

63 3392 166 3442 iudeo.
181 3388 217 3441 57
231 3389 258 3450 s.
273 3389 290 3439 4
304 3388 593 3441 stutuitneionerdus.
635 3386 705 3437 sidio
728 3387 852 3438 relictum
878 3399 897 3437 s
918 3388 1041 3440 nubieus
1067 3384 1108 3452 (c.
1127 3389 1163 3443 57

118 3470 215 3520 parato
225 3462 307 3521 etque
315 3459 448 3511 instructo
456 3459 591 3520 enercicu]
636 3453 663 3522 5
677 3454 717 3521 1),
730 3455 780 3507 elii
790 3457 959 3522 Agedincum
971 3458 1059 3520 ipsum
1072 3457 1162 3510 inter·

63 3529 187 3579 Frustra
218 3528 364 3590 Lippertus
396 3531 423 3579 ir.
456 3528 475 3578 1.
506 3529 594 3591 docos,
637 3527 787 3591 precentur.
829 3524 871 3576 Ac
902 3527 937 3576 de
970 3525 1101 3577 militibus
1131 3530 1162 3580 ut

64 3597 131 3661 quid
164 3598 200 3647 sit
231 3597 397 3649 coercitum
427 3607 538 3661 perure
566 3604 594 3647 et
636 3595 796 3662 cogitemus,
812 3593 959 3659 legionum,
977 3605 1047 3658 quoe
1064 3594 1093 3646 in
1112 3610 1162 3648 ex-

66 3667 234 3719 ecercituus
251 3669 412 3719 instruere.
445 3667 596 3718 Nemnaec
637 3661 774 3727 reditione
807 3667 904 3728 erunt,
946 3667 1164 3719 commemoratio

64 3737 216 3800 participia
241 3737 331 3788 instar
354 3734 549 3786 adiectivorum
563 3743 598 3789 en
638 3735 756 3783 sundere
776 3733 948 3796 additumque
960 3735 1053 3798 'uque
1069 3733 1161 3802 hope·

66 3806 191 3858 ablativi
214 3819 267 3858 non
293 3804 412 3857 absoluti
437 3812 517 3868 sunt,
545 3804 596 3854 sed
640 3801 774 3856 dtuuutis
791 3803 986 3865 demonumre,
1004 3814 1057 3867 qno
1076 3805 1162 3868 perti-

66 3873 278 3927 instrurnentnm
295 3876 461 3940 significant,
479 3874 509 3923 ut
526 3874 598 3934 opud
640 3875 706 3923 nent
736 3871 916 3936 praesidium,
950 3872 1068 3923 ridetur.
1109 3876 1196 3927 sed·

67 3944 181 3996 Liuium
197 3944 232 4009 8,
251 3945 287 3995 30
304 3944 331 4005 s.
351 3941 383 3994 4:
400 3942 535 3996 coercito
552 3942 599 3994 iu-
640 3941 809 4006 Agediocum
844 3951 949 4004 quoque
983 3942 1064 4002 poulo
1098 3947 1164 3996 eutr

68 4016 188 4065 struncto
203 4017 368 4078 curatoque
386 4014 540 4081 profectus
559 4011 599 4064 ed
640 4012 879 4063 commemoratum
894 4014 953 4076 sot,
977 4013 1038 4063 ete
1056 4012 1164 4064 iumine
1221 4013 1224 4021 '

66 4083 241 4135 Imbrinium
266 4083 325 4151 (itu
354 4085 462 4135 cocunt
488 4083 599 4142 locum)
640 4079 746 4131 otieooe
759 4077 1012 4144 difficultusnutius
1026 4078 1166 4144 signitica-

66 4152 131 4207 ucie
165 4166 231 4207 uem
252 4153 429 4209 senonicus
456 4150 597 4218 constiuti-
640 4157 701 4215 tur,
732 4149 758 4201 si
774 4151 810 4204 ut
825 4152 875 4203 troc
895 4149 973 4218 ipso,
1003 4161 1084 4215 quen
1101 4150 1127 4201 si
1145 4164 1165 4204 s

872 4213 955 4285 33*
