2700 4726
150 337 219 407 600
411 331 486 402 Dll
511 330 696 400 nunno
727 330 980 401 GALLlGO

108 520 283 593 10eoiidic
305 522 454 589 oxsrcssi
473 516 628 610 putatis?
673 519 712 591 Si
735 522 870 589 illorum
894 520 1022 587 nuntiis
1048 517 1244 585 confirmari

158 633 226 680 non
246 611 392 698 potastis
415 612 505 677 omni
527 609 622 679 aditu
645 618 841 700 praesepto,
863 609 915 679 liis
936 607 1070 677 utimini
1094 607 1245 675 testibus

161 698 431 787 adpropinquare
461 720 575 765 eorum
606 698 805 773 adventum
841 698 936 765 ouius
964 699 1014 765 rei
1042 695 1166 765 timore
1189 717 1247 761 ox-

110 787 274 855 lltouriti
297 785 385 852 diem
405 794 604 870 noctemque
628 788 662 852 in
684 807 785 871 opera
808 792 997 855 versantur.
1047 782 1142 868 Quid
1165 804 1247 868 ocgo

160 875 228 941 mci
255 874 389 941 consilii
420 867 498 942 osi?
541 873 669 943 Facere
697 872 787 959 qurocl
815 873 925 937 nostri
952 870 1096 938 maiores
1120 893 1248 959 nuqua-

160 983 261 1049 quam
281 963 358 1048 pari
380 961 469 1028 bello
484 960 696 1030 Cimbrorum
713 961 971 1046 Teutonumque
992 959 1164 1040 lecerunt3
1188 960 1249 1046 qui

160 1049 198 1116 in
218 1050 340 1139 oppida
364 1051 520 1139 conpulsi
543 1072 581 1115 aa
611 1048 714 1117 simili
736 1049 850 1136 inopia
874 1047 1006 1114 subacti
1032 1067 1149 1113 cocum
1174 1067 1249 1113 cor-

195 1250 265 1292 rum
288 1253 391 1295 manus
416 1241 531 1304 scripsit
554 1243 582 1291 et
605 1241 666 1291 sine
685 1253 773 1290 cansa
791 1252 826 1288 ex
843 1238 938 1289 iisdem
955 1237 1050 1302 libris,
1074 1237 1121 1301 qui
1138 1239 1250 1290 unimus

196 1313 313 1373 babent,
333 1311 456 1378 recepit,
480 1307 621 1373 animine,
646 1311 745 1374 oredo,
771 1308 942 1358 coniecturae
960 1311 1104 1368 acceptum
1124 1310 1251 1358 reterens

197 1379 314 1431 alicuius
332 1381 438 1445 critici,
463 1381 508 1442 qui
525 1381 723 1432 Romanorum
738 1378 866 1436 animos,
891 1379 961 1438 quod
979 1377 1108 1439 vitiosum
1126 1390 1191 1426 esse
1208 1378 1251 1427 in-

198 1450 352 1515 cerugsrot,
376 1450 504 1501 licentius
523 1450 620 1510 partim
638 1447 786 1498 mutaverit
803 1447 831 1496 in
850 1449 1012 1503 Romanos,
1029 1446 1130 1508 partlm
1148 1449 1184 1511 ut
1203 1459 1251 1498 co-

197 1520 321 1569 mendam
345 1527 374 1569 et
399 1521 548 1571 ornandam
573 1517 723 1569 orationem
746 1516 926 1591 transtutem.
961 1516 1014 1578 Sed
1033 1528 1153 1578 monus,
1181 1519 1251 1579 qnod

198 1585 266 1638 0ud.
284 1587 340 1652 ita,
364 1590 394 1638 ut
418 1602 442 1636 c.
460 1588 496 1639 84
515 1586 541 1647 S.
559 1591 576 1638 3
601 1587 799 1638 Romanorum
815 1599 917 1635 monus
935 1584 1026 1635 tontis
1044 1585 1251 1636 munitionibus

197 1654 358 1707 distinetur
377 1657 478 1708 (lictum
494 1658 622 1722 putabat,
647 1669 665 1706 a
683 1656 817 1716 scriptore
833 1653 1018 1717 ambiguitatis
1036 1665 1117 1705 osone
1132 1655 1250 1715 positum

105 1728 109 1736 '
198 1732 226 1772 ec
250 1735 268 1773 u
293 1724 412 1776 librariis
435 1727 463 1776 in
489 1725 601 1777 animos
625 1732 779 1788 corruptum
805 1736 866 1777 csse
890 1723 965 1773 iuxta
986 1735 1089 1775 avaro
1113 1726 1249 1777 abhorret.

198 1791 301 1844 Iustius
322 1797 355 1844 (Ιο
371 1794 489 1846 Caesare
508 1798 537 1845 et
556 1797 589 1845 ds
607 1793 711 1845 criticis
728 1792 923 1856 iudicabimus,
948 1792 973 1840 si
991 1794 1105 1843 animos
1124 1807 1160 1845 ex
1178 1807 1251 1845 mar-

197 1859 279 1926 gine,
304 1864 349 1913 ubi
366 1863 443 1915 onim
463 1867 580 1915 lacunae
597 1863 670 1916 inter
692 1861 896 1914 munitionibus
913 1864 941 1911 et
959 1861 1006 1912 ine
1031 1864 1183 1925 explendae
1202 1866 1250 1915 ad-

197 1930 330 1993 scriptum
348 1934 448 1998 tuerit,
475 1933 646 1996 immigrasse
664 1946 749 1996 eoque
767 1933 885 1983 admisso
903 1933 1066 1997 Romanos,
1095 1935 1166 1994 quod
1184 1948 1250 1985 unus

200 1999 251 2050 Gn.
270 2000 400 2053 intactum
417 2003 543 2066 reliquit,
563 2003 592 2053 in
609 2002 808 2053 Romanorum
828 2011 991 2053 conversum
1009 2013 1073 2050 esse
1091 2005 1251 2054 statuemus.

197 2068 295 2122 Animi
317 2083 421 2136 conso,
445 2085 496 2135 qno
513 2071 620 2123 Cacsar
639 2071 719 2121 etiam
748 2071 781 2134 5,
800 2072 833 2121 12
852 2068 911 2129 §.6
934 2071 968 2121 do
994 2069 1134 2121 Britannis
1160 2073 1249 2138 utitur,

197 2151 266 2199 quos
290 2139 380 2191 animi
403 2139 619 2205 voluptatisque
642 2153 730 2191 causo
757 2142 833 2191 alere
850 2139 970 2201 gallinas
994 2148 1022 2195 ec
1045 2151 1161 2190 anseres
1178 2142 1251 2206 dicit,

197 2206 224 2257 b.
240 2207 260 2256 Ι.
281 2211 335 2259 tam
353 2217 444 2272 aptum
462 2211 489 2260 et
506 2211 631 2261 animine
649 2219 704 2261 tam
722 2209 822 2260 scitum
840 2215 901 2274 esc,
927 2211 956 2259 ut
979 2210 1014 2258 ab
1039 2220 1072 2259 eo
1095 2209 1251 2263 abiufficnre

200 2283 229 2324 ec
245 2278 413 2328 emendatori
435 2279 561 2328 addicere
579 2281 658 2328 netas
677 2280 722 2328 sic.

233 2357 260 2419 S.
278 2360 312 2410 10
337 2361 392 2423 bis]
418 2363 478 2415 Pet.
501 2363 583 2413 Voss·
601 2366 634 2413 A.
658 2365 735 2427 ilgm.
760 2364 834 2414 Gott.
852 2363 922 2411 [ιον.
940 2362 1008 2410 nbb.
1032 2361 1114 2414 Fahr.
1137 2365 1202 2415 Par.
1220 2370 1251 2415 A.

198 2426 271 2478 nav.
290 2432 323 2478 Α.
349 2432 436 2481 Haen.
462 2434 509 2481 Dr.
532 2430 585 2483 ΑΒ.
610 2433 689 2482 Vrat.
708 2433 742 2480 A.
767 2433 848 2481 Viuo.
869 2429 986 2481 suctu.
1012 2430 1066 2482 Gn.
1091 2432 1163 2484 Ven.
1184 2436 1251 2485 ciet.

197 2493 256 2544 biis
273 2499 355 2550 Vrat.
374 2500 426 2550 lic.
444 2501 539 2550 Hamb.
558 2498 618 2563 irps.
639 2502 693 2551 inc.
712 2512 768 2551 sec.
787 2502 847 2550 utu.
871 2500 908 2548 iio
924 2499 1024 2556 (Coun
1042 2501 1125 2563 Boug.
1143 2506 1180 2554 A.
1197 2504 1252 2564 ΡΙ.)

199 2564 277 2614 Goth.
296 2567 325 2613 B.
344 2574 372 2616 et
389 2581 449 2617 curn
468 2570 529 2618 rett.
547 2570 604 2619 edu.
625 2578 720 2617 tacens
738 2570 805 2620 oud.
842 2569 873 2617 ld
891 2571 985 2618 Morus
1005 2572 1166 2637 propterea,
1184 2577 1252 2636 puni

198 2632 234 2682 ad
254 2634 392 2687 Romanos
418 2638 570 2698 reserator,
596 2638 624 2687 in
649 2637 692 2686 bis
715 2639 869 2689 mutandum
895 2638 1042 2703 censebat,
1065 2647 1253 2706 mutarumque

198 2701 404 2771 Elberlingius,
421 2705 575 2770 wintine,
593 2707 753 2769 Diibnsrns,
773 2707 953 2770 Nipperieius
971 2707 1205 2779 suffragantibus,
1224 2715 1252 2763 nt

199 2782 271 2820 nunc
292 2772 430 2836 videmus,
449 2773 588 2825 codicibus
608 2778 689 2837 longe
707 2777 839 2836 plurimis,
873 2775 925 2829 llis
944 2776 1035 2839 utique
1052 2780 1253 2841 obsequendum

197 2838 442 2976 foiqumcmquam
459 2843 496 2893 iis
514 2854 618 2908 quoque
637 2846 670 2893 (ta
688 2845 817 2896 Romanis
834 2845 890 2895 dici
907 2844 1032 2907 potuisse
1048 2847 1173 2901 videtur:
1197 2853 1252 2920 nup

199 2911 252 2964 met
288 2910 317 2966 ie
337 2914 376 2967 cti
395 2913 501 2981 Renum.

234 2995 465 3063 adpropinquare]
492 3000 575 3050 Voss.
602 2997 633 3050 Α.
659 3002 735 3064 [lgm.
761 2999 844 3051 nobs.
867 2999 965 3062 (uong.
992 3000 1024 3049 Δ.
1048 3000 1106 3061 ΡΙ.)
1132 3003 1195 3055 Par.
1218 3008 1251 3055 A.

198 3060 282 3115 Vrat.
300 3061 332 3116 Α.
350 3078 403 3118 nou
418 3080 503 3131 appr.

233 3147 259 3207 S.
282 3151 314 3200 11
338 3152 404 3212 mei]
430 3153 456 3203 ei
481 3155 564 3216 Bong.
582 3146 614 3201 A.
641 3154 682 3205 ΡΙ.
718 3153 761 3205 Gi.
788 3153 850 3206 adn.
876 3153 912 3203 acl
937 3155 969 3217 1,
992 3155 1026 3202 21
1051 3151 1078 3213 S.
1098 3157 1116 3203 2
1140 3163 1169 3206 ct
1185 3169 1253 3220 quae

119 3276 121 3292 Ι
198 3216 361 3272 ciacconius
380 3221 499 3273 adhibuit
516 3223 550 3272 D.
566 3223 642 3277 bruti
661 3222 958 3274 osroenorum.
978 3223 1027 3288 ΙΙ,
1049 3226 1064 3274 1
1082 3221 1109 3284 S.
1123 3229 1155 3277 3:
1179 3227 1255 3290 Quin

198 3299 269 3352 erpo
288 3291 349 3350 est,
368 3289 480 3357 inquis,
500 3291 544 3343 tui
560 3287 694 3341 consilii?

234 3356 374 3424 conpulsi]
398 3395 406 3410 .
426 3392 432 3408 .
451 3396 457 3412 .
476 3360 557 3412 Febr.
581 3363 661 3426 Bong.
683 3365 716 3411 A.
743 3361 783 3410 ΡΙ.
800 3360 864 3410 Par.
882 3361 916 3409 A.
937 3361 1017 3415 cotb.
1039 3361 1068 3412 tt.
1092 3375 1146 3415 nnn
1164 3376 1252 3431 comp.

197 3425 305 3490 inpulsi
323 3429 403 3481 Vrac.
424 3431 457 3483 Α.

219 3593 245 3654 s.
265 3598 298 3646 11
330 3599 496 3649 cimbrorum
522 3602 687 3650 Teutonum-
730 3599 841 3669 bittutiie
866 3615 923 3669 mog
949 3609 975 3657 ei
1005 3585 1078 3657 icum
1106 3600 1253 3670 befcemben,

165 3665 230 3724 ΙΙΙ]
255 3667 296 3714 Cf·
316 3669 378 3718 acu.
397 3670 432 3718 ad
451 3672 482 3726 2,
500 3665 518 3717 4
539 3667 564 3728 S·
583 3673 608 3718 2·
634 3669 687 3717 cs.
730 3681 801 3724 neon
820 3669 856 3724 bio
873 3671 1073 3739 uiantildpenbe
1092 3673 1252 3742 &nanctum

164 3739 252 3781 cerum
272 3739 380 3799 nescio,
400 3747 559 3799 quomens
578 3738 688 3789 uorke-
731 3752 763 3792 on
787 3739 824 3793 bie
843 3739 961 3796 cincun
982 3743 1032 3795 nub
1049 3740 1183 3798 sseutouen
1203 3745 1253 3810 ient

163 3801 220 3849 lius
236 3803 287 3856 iiie
306 3805 543 3872 (ictuidptitbteibec
561 3809 601 3862 bec
618 3808 688 3861 cents
730 3807 756 3872 io
775 3811 897 3876 penenbet
919 3809 1045 3876 ebibunt,
1068 3811 1113 3876 bai
1132 3811 1171 3866 ein
1190 3815 1252 3869 &ab

164 3867 230 3935 tmen
248 3873 330 3939 urant
354 3889 378 3934 p.
397 3877 449 3928 228
472 3876 597 3938 exposito
615 3877 687 3925 cer-
730 3877 775 3932 uu
792 3879 837 3932 ben
852 3878 953 3946 linquit
968 3881 1009 3934 bet
1024 3879 1118 3935 bibunt
1137 3881 1187 3935 mit
1200 3884 1252 3936 bem

163 3951 304 3991 manorum
330 3953 430 4008 opera,
462 3958 515 4008 qun
538 3945 686 3996 caesarem
730 3947 879 4014 imbricum
899 3949 966 4014 iecor
985 3949 1071 4005 toitbou
1093 3951 1253 4019 neecboufen

163 4006 192 4057 in
213 4009 285 4061 bello
303 4010 538 4077 Vercingetorigis
563 4015 687 4065 demeriti
729 4017 864 4083 conpluunt.
907 4017 949 4066 Au
966 4017 1135 4070 Cimbrorum
1153 4023 1255 4072 'l'euto-

162 4075 236 4139 sinc,
255 4080 342 4142 bunc,
360 4083 515 4144 mopinot,
533 4084 620 4134 locum
638 4098 687 4134 re·
729 4099 845 4149 numqua
868 4087 1027 4139 mentionem
1044 4101 1097 4139 nou
1113 4103 1177 4140 cum
1201 4090 1253 4140 nuo

162 4146 283 4207 spicieus
297 4151 366 4198 baec
380 4151 535 4210 scripserit:
554 4152 606 4210 nei
623 4155 686 4209 nnn
730 4168 764 4204 ex
790 4155 944 4219 Critognati
973 4157 1096 4209 oratioue
1125 4160 1253 4219 relatam,

163 4214 188 4279 lo
205 4216 381 4276 maniaticum
397 4219 552 4295 uutcbtunp
569 4226 610 4280 bn
622 4223 686 4280 ibn:
730 4226 779 4276 sen
794 4224 885 4280 fictam
898 4238 915 4279 a
929 4224 1051 4281 caesare
1064 4223 1255 4283 eusanium
