2700 4726
393 275 604 351 eison.
656 272 840 351 ciros
958 246 966 259 ’
1032 222 1034 227 ’
1089 282 1158 355 ise

63 469 169 553 piens
190 462 226 530 in
248 481 379 533 murum
405 465 540 538 extulit.
581 469 655 565 48.
683 465 824 535 Interim
848 468 898 546 li,
920 467 979 557 qni
1001 466 1044 535 od
1065 469 1153 536 alte·

59 574 134 658 rem
158 555 290 655 partem
312 551 440 642 oppidi,
463 563 627 661 utsupra
650 555 971 662 demonstravimus,
992 559 1152 663 munitio·
1211 564 1216 575 '

56 649 668 833 lbrlbdlllllil‘’olibi
686 642 1150 819 ⁰bllll⁰m⁰¹2i⁰lell

56 824 185 898 teneri,
215 816 414 903 praemissis
436 817 610 906 equitibus
633 841 754 907 magno
776 841 880 888 cursu
902 840 943 886 eo
966 822 1148 887 conmodo-

91 1019 151 1059 eec.
171 1007 240 1059 oud.
263 1021 297 1061 eo
315 1008 465 1064 cu.1·'ebr.
484 1021 533 1062 eos
545 1009 623 1060 liev.
641 1011 676 1061 Α.
698 1008 781 1064 vind.
799 1012 832 1061 A.
853 1010 917 1062 Ali.
936 1011 982 1063 ab.
1001 1010 1051 1062 (ir.
1071 1022 1099 1064 e.
1116 1011 1148 1065 Ρ.

89 1078 164 1130 ilen-
183 1079 264 1129 Turr.
284 1077 359 1141 Lips.
378 1093 438 1144 sqq.

123 1146 190 1209 cap.
208 1142 252 1201 48.
270 1145 296 1207 8.
316 1151 332 1197 1
352 1148 394 1209 bi]
412 1148 472 1200 Pet.
491 1148 561 1200 Lov.
579 1147 662 1199 liebr.
682 1147 767 1212 liobg.
781 1146 815 1199 Α.
833 1148 874 1198 ΡΙ.
894 1149 959 1200 l’er.
975 1150 1009 1200 Α.
1026 1148 1076 1198 Dr.
1088 1148 1147 1199 AB.

89 1213 173 1264 vind.
192 1215 271 1266 Alibi.
291 1217 362 1269 ven.
375 1219 447 1269 edei.
465 1217 506 1269 bii
522 1217 597 1268 Gott.
616 1216 700 1267 Febr.
718 1218 800 1268 Vrat.
812 1216 891 1269 Asc.
909 1218 1146 1270 umbricolis.

88 1284 126 1403 'd'
144 1284 229 1406 ilion&
247 1296 273 1336 e.
297 1287 370 1337 bled.
392 1299 419 1338 e.
443 1289 513 1339 ven.
531 1288 556 1337 b.
579 1276 642 1337 iter.
667 1286 731 1337 Alli.
758 1298 819 1351 sqq.
845 1299 897 1340 orn.
920 1290 992 1341 Dok.
1010 1289 1095 1354 Bong.
1114 1286 1146 1339 0.

117 1367 172 1403 me
231 1384 240 1403 ι
536 1378 539 1383 “

122 1423 202 1482 inde]
219 1421 323 1474 deinde
338 1421 416 1472 Iieid
431 1423 466 1474 A.
488 1425 519 1476 et
534 1423 601 1476 inde
619 1423 703 1474 vind.
725 1426 747 1476 1.
1057 1448 1060 1457 ·

123 1491 392 1552 abiiomanis10m.
411 1491 488 1543 Gott.
507 1495 594 1545 voss.
613 1491 644 1543 (i.
663 1491 742 1546 Leid.
762 1491 793 1547 0.
814 1496 894 1547 Vrec.
913 1497 942 1545 B.
961 1495 1013 1546 (iu.
1031 1492 1085 1545 inc.
1105 1493 1146 1546 od

88 1562 128 1615 R.
153 1561 203 1611 Dr.
227 1563 257 1610 B.
283 1575 302 1612 a
318 1562 355 1613 lt.
376 1562 480 1625 „liiss¹
500 1560 656 1626 ιιΙιῆιιιι·ι
681 1563 765 1615 Voss.
783 1565 817 1615 A.
843 1568 921 1630 ligni.
944 1564 1009 1616 Per.
1029 1564 1063 1613 Α.
1086 1564 1160 1627 Pet„

88 1630 176 1681 cond.
198 1632 283 1695 Bong.
301 1629 332 1684 c.
350 1630 422 1681 liar.
440 1633 475 1685 b.
493 1631 544 1682 Dr.
564 1636 598 1682 A.
619 1631 700 1683 Vret.
719 1638 752 1685 A.
770 1635 867 1685 llemb.
891 1633 973 1684 vind.
991 1632 1087 1685 Alicl.
1105 1634 1146 1683 sb.

89 1701 139 1752 tir.
165 1701 191 1751 b.
216 1701 302 1752 Freil.
344 1701 376 1751 ln
400 1701 484 1766 liong.
502 1701 535 1759 A.
562 1702 713 1754 secundum
737 1704 778 1755 Pl.
796 1705 831 1756 ab
852 1703 986 1766 scriptum
1003 1715 1068 1753 esse
1082 1714 1146 1753 ore·

91 1771 207 1820 sienim
228 1777 280 1821 est.
791 1776 795 1783 ⁴
1212 1800 1214 1805 .

122 1841 223 1901 cursu]
239 1840 276 1890 V.
292 1836 323 1889 0.
340 1840 408 1889 vrs.
424 1838 505 1890 Leld.
521 1843 552 1890 Α.
570 1839 633 1890 Per.
648 1840 678 1889 li.
695 1840 767 1892 Iler.
781 1841 815 1891 A.
833 1838 916 1889 vind.
932 1843 966 1892 A.
980 1849 1148 1892 remicurte
1299 1828 1307 1847 '

90 1909 173 1972 „Vir
202 1905 326 1961 doctns“
354 1908 378 1958 b
412 1921 474 1959 eum
502 1909 678 1960 coniecturae
703 1910 784 1974 signo
814 1909 899 1962 Febr.
924 1904 1055 1977 δρομαῖιι
1077 1913 1146 1960 Met.

91 1982 212 2044 (mopso
236 1991 292 2029 non
315 1977 470 2040 expressit)
495 1990 641 2030 conserere
658 1981 742 2043 Bong.
766 1980 802 2027 Α.
828 1988 970 2029 concurso
986 1979 1052 2028 ente
1070 1989 1147 2030 corr.

88 2046 154 2097 l’er.
173 2049 208 2099 Α.
233 2058 378 2098 coerceres
402 2047 475 2097 idem
498 2053 642 2098 correctns
668 2060 731 2099 curn
754 2043 872 2108 reliquis
897 2047 975 2098 codd.
996 2048 1094 2107 (Goth.
1113 2046 1146 2097 li.

91 2116 213 2165 additum
230 2117 314 2165 behet
329 2115 469 2177 εᾳιιὶιιιηι,
481 2118 538 2162 ιιᾱ
555 2117 582 2165 iri
601 2118 712 2175 punctis
728 2111 868 2179 notatum)
885 2116 914 2162 et
926 2116 986 2165 edd.
1002 2116 1146 2178 omnibus3

91 2184 163 2246 qnod
181 2181 247 2246 qnid
264 2182 317 2232 sibi
336 2181 416 2243 velit,
436 2181 571 2233 incertum
591 2185 644 2233 est.
678 2180 805 2245 cogitari
823 2183 917 2243 potest
939 2183 973 2229 de
991 2183 1146 2234 bominibus

91 2263 159 2316 pree
175 2252 356 2302 festinatione
372 2251 447 2300 inter
464 2264 497 2301 se
516 2251 756 2315 concurrentibus,
775 2250 873 2314 quales
887 2250 1016 2312 proponit
1029 2251 1147 2302 Petrnr·

91 2325 144 2372 cire
162 2321 206 2386 18,
223 2325 255 2370 b:
273 2319 429 2386 plomernti
447 2322 664 2373 adoriam-et
679 2321 898 2386 praecurrente
914 2319 1049 2383 equitate
1065 2321 1146 2371 nulio

90 2389 194 2442 oraim
210 2393 312 2441 cetero
329 2390 416 2442 turbo
431 2390 639 2455 consequiterr
649 2407 652 2415 ·
662 2391 709 2440 vel
727 2390 761 2439 de
777 2401 862 2438 cursu
879 2388 1039 2452 concitato,
1064 2400 1146 2453 quem

91 2460 123 2510 in
144 2468 237 2510 mente
253 2459 385 2510 babuisse
402 2458 514 2509 videtur
530 2460 742 2511 lleumsterliins
761 2458 839 2509 verbi
858 2468 1037 2511 concurrere
1055 2459 1146 2523 signi-

90 2529 248 2580 ficationem
279 2541 341 2578 cum
366 2529 521 2580 celeritatis
549 2530 663 2581 notione
686 2527 868 2586 coniunctam,
897 2528 1004 2590 respici
1029 2526 1147 2592 iubens;

91 2599 140 2649 vel
156 2600 189 2649 de
202 2598 338 2649 bominum
353 2599 574 2667 concurrentium
587 2600 773 2662 multitudine,
786 2597 820 2647 ie
834 2607 889 2659 que
899 2597 1040 2659 interpres
1054 2599 1149 2649 liren-

91 2668 220 2731 cogeilus
237 2668 451 2718 Ablanconrtius
476 2669 648 2721 reeionnent
666 2682 702 2720 en
720 2667 817 2733 fonte)
835 2669 864 2716 et
882 2669 1024 2718 nostrates
1042 2667 1148 2719 branc.

91 2736 257 2802 Wagnerus
282 2732 323 2804 (ie
345 2739 432 2806 probet
450 2735 559 2806 beree)
579 2741 607 2790 et
625 2736 768 2804 Adelphos
786 2735 950 2802 Wagnerus
968 2736 1010 2802 (in
1026 2749 1150 2805 preston

10 2908 288 3040 patritii
305 2909 605 3028 illiberali.
626 2906 813 3037 {cilitiis
831 2910 1088 3028 illutibilis
1105 2912 1152 3031 l}

55 3049 193 3112 gendum,
224 3059 307 3111 quem
331 3059 355 3096 c.
379 3046 416 3098 28
441 3044 469 3106 8.
493 3045 511 3096 5
537 3046 585 3110 qni
626 3045 786 3108 stinguendi
810 3046 964 3112 diligentie.
998 3047 1152 3099 Praetereo

53 3119 154 3184 prime
170 3117 298 3168 clamore
314 3114 416 3166 aedito
432 3128 465 3167 se
479 3127 518 3168 en
532 3128 585 3181 op·
624 3113 729 3181 primo,
747 3112 902 3180 ubicunque
920 3117 1028 3168 certum
1045 3119 1152 3168 edver-

53 3188 125 3253 pide
157 3186 314 3238 eiecerunt.
357 3182 486 3236 ciariis
499 3185 585 3236 tacite
625 3185 698 3235 biurn
725 3185 784 3248 est,
817 3185 846 3235 in
870 3186 915 3236 iris
938 3184 1047 3248 qdidem
1068 3186 1151 3238 libris

55 3256 166 3322 prime
183 3268 208 3312 e.
225 3256 260 3306 ci.
277 3252 413 3316 scribenti
427 3255 586 3318 primord·
625 3266 715 3315 neque
738 3251 806 3304 inde
829 3266 919 3319 neque
937 3255 1041 3308 deinde
1059 3256 1152 3318 perti-

56 3324 186 3385 verbiiim
198 3323 355 3389 videbatur,
370 3323 404 3374 de
417 3336 469 3386 quo
483 3326 586 3376 dictum
626 3325 717 3390 cuiae,
729 3323 861 3390 sedpest,
871 3326 1152 3390 poetqnommosteo,

56 3399 104 3445 eet
120 3395 150 3446 in
168 3394 285 3445 ednod
304 3396 337 3457 2,
356 3392 486 3458 aos.1;
513 3395 586 3457 quod
625 3395 814 3458 posteaquem
848 3392 930 3458 sequi
958 3395 1057 3444 solent.
1107 3394 1154 3446 ct.

56 3466 84 3517 si
115 3464 178 3532 est,
205 3462 345 3514 scandito
375 3464 502 3514 clamore
528 3476 584 3514 non
627 3463 708 3513 buius
726 3462 747 3514 l.
764 3475 788 3511 c.
809 3460 842 3512 15
858 3464 885 3526 8.
905 3466 940 3520 6,
966 3462 1002 3513 30
1019 3461 1046 3522 8.
1065 3466 1098 3525 2,
1116 3463 1153 3515 8⁷

56 3533 179 3585 ablativi
194 3532 316 3583 absoluti
334 3533 408 3594 sunt,
427 3534 476 3583 sed
489 3534 586 3584 eedem
626 3531 653 3592 8.
672 3535 698 3583 1.
717 3530 752 3582 58
769 3530 797 3592 8.
818 3532 843 3581 1.
867 3533 902 3595 6,
919 3531 955 3583 39
971 3530 999 3590 8.
1017 3530 1042 3582 4.
1070 3535 1098 3598 1,
1116 3533 1151 3583 sl

56 3604 172 3655 ratione
189 3605 273 3665 atque
290 3600 402 3652 crebris
414 3603 523 3652 nontin
537 3616 585 3653 re·
627 3600 654 3662 8.
674 3598 708 3664 5,
732 3599 767 3666 5,
791 3604 810 3651 θ
828 3601 854 3664 8.
872 3599 898 3651 4.
943 3599 1066 3663 lienique
1083 3601 1153 3652 inde

57 3671 170 3724 terendi
194 3673 230 3721 ed
254 3670 431 3734 perticipium
460 3671 585 3738 incitati,
625 3672 787 3734 plerumque
805 3670 877 3720 idem
888 3667 1059 3733 significans,
1080 3671 1153 3734 quod

57 3745 91 3793 ut
110 3739 187 3792 Gelli
203 3741 309 3792 duobus
328 3739 497 3802 temporibus
516 3741 586 3791 due·
628 3753 662 3793 eo
686 3751 724 3791 eo·
741 3741 819 3804 ioco,
852 3738 897 3788 iric
914 3738 1013 3788 adres
1031 3739 1061 3789 in
1080 3741 1154 3791 tem·
1245 3777 1248 3781 >

58 3814 112 3863 bus
124 3813 209 3862 rebus
222 3810 332 3861 incitati
346 3810 483 3875 dicentur,
498 3811 588 3872 primo
628 3822 697 3873 pore
715 3822 779 3858 eene
797 3808 968 3871 excipientes
985 3794 1154 3862 translatum

60 3881 193 3933 exaudito
218 3881 353 3945 clamore,
386 3879 451 3929 inde
480 3879 588 3930 crebris
629 3891 710 3942 esse,
740 3877 849 3928 etiamsi
872 3877 979 3928 nullmn
1000 3880 1153 3941 praecerat

59 3950 176 4002 umeris.
219 3953 310 4012 Atque
341 3949 383 4000 ite
413 3949 474 3999 iere
496 3949 588 4000 Mete·
629 3947 764 4010 temporie
779 3944 950 4010 adverbium,
967 3949 1054 4000 facile
1067 3949 1154 4000 intel·

59 4022 209 4083 pbrostes:
225 4013 337 4085 πρῶτον
349 4013 401 4082 μὲν
412 4013 461 4082 ιῆι
473 4010 521 4082 rie
534 4012 590 4069 πό·
629 4017 734 4083 ligitur.

59 4086 260 4156 hurbem&
274 4082 474 4149 ἐξαιοὸιιιιιι,
493 4082 590 4139 ἔπειτα
682 4083 811 4148 oppidum
835 4084 869 4136 eb
893 4083 1028 4136 nomenis
1051 4084 1156 4146 teneri]

61 4152 91 4211 ii
114 4161 164 4210 eei
189 4174 228 4210 ree
261 4157 304 4213 ete
318 4150 454 4224 ἀγγελίαις
469 4179 506 4197 -·
520 4149 590 4210 e’reo·
631 4155 674 4209 cf.
702 4155 766 4208 edo.
783 4154 820 4207 ed
837 4167 863 4209 o.
879 4152 915 4206 43
932 4156 959 4217 8.
977 4157 1004 4209 i.

112 4242 152 4295 ιι.
891 4214 947 4288 ’31
