2700 4726
402 333 543 408 -are,
567 334 648 407 vu.
693 309 877 408 canu
962 408 975 417 ,,
1017 378 1022 386 -
1128 341 1196 410 aee

112 527 251 602 xerunt,
286 543 346 589 neo
375 525 524 592 stultitia
553 548 591 592 ae
628 528 819 593 temeritate
851 532 961 595 vestra
996 532 1056 592 aut
1090 527 1193 592 animi

110 608 336 677 inbecillitate
362 632 491 678 omnem
525 611 670 680 Galliam
703 620 919 702 prosternere
947 617 982 679 et
1009 621 1192 701 perpetuae

110 698 270 764 servituti
293 696 457 768 addicere.
500 701 554 766 Au
576 702 663 787 quod
686 701 728 767 ad
750 700 837 767 diem
859 722 922 766 non
944 709 1123 781 venerunt,
1147 699 1233 766 de9

110 808 225 852 eorum
250 783 316 852 lide
344 788 598 875 constantiaque
621 781 811 855 dubitatis?
852 788 944 877 Quid
975 781 1080 870 ergo?
1121 788 1191 863 lio-
1287 798 1301 875 ‚'

109 895 227 941 manos
250 874 284 938 iu
313 874 384 940 illia
407 875 627 943 ulterioribus
650 876 892 944 munitionibus
921 877 1064 940 animine
1090 893 1192 942 cauea

178 1067 368 1129 neglexerunt]
396 1100 415 1132 ,‚
424 1067 498 1117 MSS.
526 1068 554 1129 et
571 1068 639 1118 Edd.
664 1063 752 1130 qdd.“
779 1067 839 1117 eet.
863 1066 944 1118 Voss.
964 1063 996 1116 A.
1020 1066 1098 1130 Egm.
1116 1065 1191 1117 Gott.

144 1135 222 1184 carr.
241 1135 300 1185 Pal.
320 1136 392 1185 flav.
412 1138 446 1192 A.
463 1138 545 1199 Βοῦς.
566 1140 598 1186 A.
618 1138 681 1187 Par.
699 1140 732 1187 A.
751 1136 799 1185 Dr.
819 1136 848 1184 Β.
866 1137 946 1186 Vrat.
965 1135 1043 1185 ABG.
1061 1135 1140 1185 Goth.
1161 1136 1191 1184 Β.

142 1204 239 1253 Hamb.
261 1203 313 1252 Gn.
333 1204 412 1258 Vind.
430 1199 558 1259 AllDltlt'.
583 1207 642 1255 edd.
659 1209 723 1256 ante
741 1206 799 1258 Aid.
817 1205 853 1253 St.
877 1205 924 1254 (ir.
945 1206 967 1253 b.
988 1204 1072 1255 t'reli.
1093 1206 1191 1271 aeple—
1253 1215 1255 1221 ’

142 1284 218 1324 rcere
236 1272 321 1322 liaeu.
352 1274 536 1340 nepliaeruat
560 1275 606 1323 Dr.
626 1275 660 1322 A.
691 1273 876 1338 nepleaerr'at
892 1275 952 1323 cod.
969 1275 1046 1325 (tarr.
1064 1275 1126 1325 Ald.
1145 1276 1190 1324 ab.

140 1344 190 1392 Gr.
210 1354 235 1392 a.
253 1341 282 1388 P.
298 1343 372 1392 Man.
390 1344 468 1397 Tarr.
486 1343 561 1405 lips.
580 1357 638 1405 sqq.
673 1344 824 1393 Secundam
841 1345 909 1392 haec
926 1343 992 1392 (iud.
1011 1342 1189 1392 indicativum
1216 1351 1219 1355 ·

140 1424 195 1461 nun
215 1409 372 1472 quibusdam
390 1414 483 1479 MSS„
505 1413 554 1462 sed
576 1410 736 1475 simpliciter
754 1411 837 1460 distis
863 1419 890 1460 et
913 1411 1071 1474 quibusdam
1092 1409 1190 1463 editio·

140 1480 220 1531 nibus
241 1482 288 1529 aut
305 1480 432 1530 debuisse
469 1485 497 1532 ut
515 1478 637 1532 v'oinieae
655 1480 774 1532 tribuere
792 1483 839 1529 aut
860 1493 890 1529 re
908 1493 977 1530 vera
993 1479 1124 1529 tribuisse
1141 1479 1188 1528 vi-

142 1552 237 1612 detur,
257 1548 430 1600 coniunctivu
477 1552 583 1614 quidem
601 1551 727 1613 quamvis
746 1550 932 1614 tolerabilem,
957 1549 980 1596 ei
997 1562 1084 1611 gertus
1102 1549 1187 1598 domi-

140 1631 203 1669 uum
222 1616 384 1679 cogitatione
401 1622 623 1681 comprehensum
637 1620 787 1684 significet,
806 1625 895 1668 tamen
910 1631 963 1670 non
978 1617 1089 1677 maiori,
1107 1629 1188 1681 quam

141 1688 324 1748 compluribus
343 1687 407 1738 iibri
430 1693 447 1738 6
467 1690 548 1751 iocis,
573 1689 676 1739 ratione
695 1698 722 1737 et
740 1690 797 1737 iure
819 1687 940 1736 tenuisse
956 1687 1115 1737 iudicandus
1133 1695 1184 1736 eet.

141 1757 184 1808 Cf.
203 1757 264 1804 adn.
284 1769 323 1806 cr.
343 1756 378 1807 ad
396 1761 429 1819 6,
450 1760 482 1805 ld
500 1758 526 1819 s.
547 1755 563 1807 5
580 1760 608 1806 et
627 1757 661 1808 28
679 1756 705 1817 S.
725 1757 750 1807 Β.
786 1757 808 1804 u
826 1756 1028 1806 recentioribus
1044 1756 1187 1805 Diibuerue

140 1830 169 1874 et
189 1823 324 1875 Whittiue
343 1828 371 1874 et
389 1825 567 1887 Nipperdeias
593 1829 621 1877 et
638 1827 665 1874 iu
688 1833 785 1891 quarta
804 1825 846 1874 ed.
866 1828 962 1875 tacens
982 1826 1096 1879 lleidius
1117 1824 1188 1874 indi-

140 1893 260 1945 cativum
279 1901 446 1954 receperunt.
767 1934 768 1938 ,

178 1962 259 2011 animi
282 1961 470 2020 inbecillitate]
503 1962 589 2018 Vuae.
608 1963 640 2010 Δ.
666 1963 744 2025 ligra.
768 1963 841 2012 Gott.
867 1963 948 2014 llabr.
978 1963 1061 2023 Bong-
1083 1957 1115 2012 Α.
1147 1960 1190 2011 l’l.
1295 1992 1297 1999 ι

141 2033 204 2082 Par.
221 2032 253 2078 A.
273 2033 358 2080 Haeo.
374 2032 423 2083 Dr.
434 2031 490 2080 AB.
508 2024 585 2081 Vrat.
600 2029 677 2080 Aac.
697 2031 775 2080 Goth.
792 2033 821 2083 Β.
839 2033 935 2081 flamb.
953 2031 1004 2081 Gu.
1019 2030 1100 2078 vind.
1111 2030 1190 2079 ΒΒΒ.

142 2102 204 2150 edd.
230 2101 293 2148 ante
310 2098 371 2147 Ald.
398 2101 437 2149 st.
456 2099 504 2149 Gr.
525 2100 549 2150 b.
568 2099 651 2148 lii-etl.
676 2112 740 2150 cam
757 2102 776 2150 i.
798 2102 878 2150 vind.
896 2100 927 2149 Β.
955 2100 973 2150 i.
990 2113 1016 2149 a.
1034 2099 1121 2155 (liar.
1140 2095 1189 2156 A.)

142 2167 222 2218 Viud.
244 2171 276 2215 A.
301 2168 363 2216 Aid.
383 2169 428 2218 ab.
455 2168 502 2218 tir.
520 2181 546 2218 a.
572 2169 604 2218 P.
625 2171 699 2220 Man.
723 2169 800 2219 Trtrr.
819 2170 893 2230 laipe.
912 2183 969 2232 sqq.
994 2169 1101 2217 tacente
1119 2166 1187 2218 oud.

141 2237 208 2297 (inb.
228 2238 302 2298 iigm.
321 2238 419 2300 (Bong.
434 2238 481 2296 A.)
499 2237 578 2289 Vrat.
598 2238 630 2286 A.
648 2238 730 2287 Viud.
748 2239 798 2298 A..
817 2236 963 2296 nonime.)

174 2302 316 2371 addicere]
342 2307 410 2355 And.
429 2307 479 2359 01.
498 2306 548 2358 Cu.
565 2307 594 2354 S.
620 2305 696 2354 Leid.
715 2310 747 2354 A.
767 2309 839 2356 liav.
856 2309 890 2357 A.
909 2307 1031 2356 viudA.
1052 2305 1110 2354 Ald.
1128 2316 1188 2366 sqq.

140 2374 281 2424 subiicere
307 2375 403 2436 reliqui
426 2375 502 2424 codd.
529 2375 596 2424 (lud.
621 2375 712 2435 steph.
738 2375 818 2426 Carr.
842 2379 899 2426 cod.
926 2377 1004 2428 Turr.
1029 2375 1088 2421 Pet.
1112 2375 1188 2435 ligra.

142 2447 214 2496 Lar.
238 2443 306 2494 Lbb.
329 2443 413 2494 lbabr.
436 2444 519 2505 Bong.
538 2443 569 2493 G.
595 2442 681 2492 liaeo.
708 2444 760 2495 Ga.
785 2444 867 2496 Vind.
885 2443 1009 2494 ΒΟΒΒΒ.
1040 2444 1098 2492 edd.
1124 2449 1188 2492 aute

139 2514 202 2564 Ald.
234 2512 363 2562 eabieere
385 2514 467 2563 Voss.
486 2514 518 2560 A.
544 2511 618 2561 Gott.
645 2513 727 2562 Febr.
745 2514 796 2562 Pet
823 2516 852 2564 ct
867 2514 924 2564 Pai.
944 2512 1026 2561 cond.
1052 2513 1133 2575 Bong.
1152 2510 1187 2558 A.

132 2582 183 2630 et.
200 2582 262 2641 Patr.
279 2582 312 2629 A.
330 2581 378 2632 Dr.
393 2582 447 2630 AB.
466 2582 547 2630 Vrat.
561 2579 638 2630 ABG.
657 2582 735 2631 Geth.
751 2583 778 2630 Β.
799 2583 893 2631 iiamb.
920 2581 1062 2631 Vtrumvis
1078 2581 1187 2645 bonum,

142 2653 192 2700 sed
209 2649 349 2699 eatdeere
366 2649 455 2712 magis
475 2651 606 2714 vulgare,
626 2651 762 2700 addicere
781 2653 867 2711 magis
887 2652 1038 2714 proprium,
1063 2650 1186 2700 codicum

142 2722 250 2782 autem,
270 2720 365 2781 quales
383 2730 442 2766 curu
458 2717 485 2766 in
505 2722 561 2766 teto
579 2720 630 2767 huc
646 2720 735 2783 libro,
758 2728 811 2768 tum
830 2721 858 2769 iu
877 2722 927 2769 huc
946 2720 1035 2780 capite
1053 2732 1083 2767 ee
1104 2729 1185 2782 prae-

141 2791 239 2847 beant,
268 2787 375 2837 ratione
405 2785 498 2835 habita
522 2785 699 2836 verisimilius
723 2787 830 2836 videtur
859 2790 1010 2851 addicere,
1043 2800 1103 2836 com
1128 2795 1186 2837 tres

141 2859 246 2918 primae
263 2856 373 2905 litterae
391 2866 457 2904 casu
475 2854 651 2917 excidissent,
677 2856 704 2903 in
723 2856 852 2908 sumcere
872 2861 1016 2919 mutatum,
1043 2869 1122 2917 quam
1141 2862 1185 2902 te-

140 2939 213 2977 mere
231 2925 258 2973 in
277 2924 357 2973 huius
381 2923 470 2973 locum
487 2934 550 2971 esee
569 2924 751 2972 substitutum.
787 2921 886 2976 lterum
905 2922 1186 2990 iegiturciv.2,18

140 2996 166 3056 s.
185 2996 218 3047 5:
239 3005 338 3044 eoram
354 2991 425 3042 duaa
441 2992 473 3041 tn
489 2991 632 3056 publicam
648 2991 805 3043 addicebat.

173 3079 200 3140 s.
218 3082 244 3128 9.
263 3078 412 3136 Romanos]
432 3074 500 3126 And.
516 3076 565 3126 0x.
583 3075 632 3127 Cn.
649 3079 720 3128 flav.
732 3075 765 3127 A.
784 3074 865 3128 Vind.
879 3079 912 3127 A.
933 3078 995 3128 Aid.
1009 3091 1067 3142 sqq.
1084 3090 1185 3128 rema-

141 3161 247 3201 norum
266 3148 348 3198 vind.
368 3146 390 3196 l.
415 3146 616 3196 Romanorum
632 3147 746 3197 animae
764 3146 844 3197 vind.
865 3148 896 3197 Β.
914 3149 1059 3199 Rauracos
1077 3147 1188 3198 animoa

141 3222 194 3271 Gn.
219 3220 418 3270 Romanorum
434 3214 544 3266 animoa
568 3215 667 3278 reliqui
686 3218 761 3267 codd.
785 3220 812 3265 et
830 3217 888 3267 edd.
907 3220 971 3267 ante
991 3219 1052 3268 Ald.
1071 3219 1186 3267 etam.

140 3307 166 3340 a.
186 3290 326 3338 correctus
346 3285 408 3335 Par.
429 3286 457 3337 Β.

175 3357 216 3416 in]
241 3367 293 3404 om.
311 3357 393 3416 dung.
414 3357 445 3402 A.
465 3360 519 3418 „et
537 3346 726 3402 Leidenses.“

176 3424 306 3484 animine]
330 3425 399 3474 And.
418 3423 468 3472 Ox.
488 3420 537 3471 cu.
559 3423 630 3470 liav.
644 3422 676 3471 A.
695 3420 777 3469 Viud.
794 3418 824 3469 Α.
843 3423 904 3470 Ald.
922 3437 979 3487 sqq.
1000 3423 1087 3473 animi
1102 3422 1188 3472 Veto.

142 3508 199 3545 sec.
222 3495 314 3543 lirant.
332 3496 360 3542 et
376 3491 443 3541 0ud.
469 3493 578 3541 attinens
598 3490 660 3542 siae
682 3488 761 3539 Vind.
783 3484 804 3535 l.
830 3489 890 3540 sitae
906 3491 994 3542 aniati
1012 3494 1101 3541 Samb.
1126 3489 1188 3541 eine

141 3565 241 3626 iidem,
262 3562 308 3623 qui
325 3562 524 3612 Romanorum
541 3560 667 3622 animoa,
685 3563 711 3607 et
731 3559 823 3618 steph.
841 3561 890 3609 du.
907 3561 987 3612 Vind.
1001 3562 1033 3610 D.
1051 3573 1110 3609 cum
1127 3561 1188 3610 edd.

145 3639 208 3683 aute
227 3633 289 3681 Ald.
307 3632 335 3678 et
352 3642 437 3692 marg.
455 3631 541 3682 vase.
565 3633 615 3688 (m.
633 3628 733 3685 Freii.)
761 3636 787 3674 et
805 3639 928 3679 correcto
947 3643 965 3680 a
981 3643 1016 3679 m.
1036 3643 1058 3677 a.
1077 3629 1139 3679 Par.
1158 3632 1188 3683 Β.

142 3704 196 3752 Pro
213 3702 412 3752 Romanorum
429 3696 557 3755 animes.
575 3699 644 3759 quod
664 3697 731 3747 terri
751 3709 803 3746 uon
822 3710 901 3760 pesae
918 3699 1020 3765 liquet,
1036 3700 1102 3748 0ud.
1127 3699 1190 3750 Ro.

143 3782 297 3831 rnaaeram
316 3782 418 3818 titanae
435 3768 605 3816 scribendam
626 3765 819 3827 suspicabatur
838 3767 894 3831 ita,
913 3776 942 3817 nt
960 3769 1085 3818 animine
1102 3780 1191 3820 caasa

144 3856 179 3891 ex
197 3842 283 3892 altere
299 3839 421 3889 codicum
438 3848 539 3900 genere
556 3836 737 3897 retineretur,
756 3835 899 3886 iiiibueroa
916 3849 983 3887 vero
1000 3841 1027 3888 et
1044 3838 1192 3889 Rornano-

112 4011 217 4075 caprea
236 4008 282 4060 sai
300 4019 372 4071 errae
390 4017 453 4057 mea
471 4007 565 4056 catate
583 4017 634 4054 ne·
676 4004 739 4066 ipsa
761 4003 858 4054 stadia
878 3994 1025 4073 adiltpebat,
1049 4008 1195 4074 neptiqere

111 4081 218 4148 plenit-
267 4079 341 4126 idem
368 4075 421 4126 Pro
445 4076 520 4126 (lael.
553 4087 577 4124 c.
602 4075 636 4123 22
676 4068 839 4137 patuisset?
916 4130 917 4135 η
952 4118 957 4129 ,

112 4151 158 4213 (s.
169 4148 234 4207 bn:
252 4161 291 4198 aa
301 4148 349 4199 itte
362 4143 535 4197 air-illias
547 4141 636 4207 ipsius
730 4140 757 4200 S.
777 4145 795 4192 9
814 4145 848 4195 ad
867 4142 950 4207 diem]
975 4143 1017 4195 Gi.
1036 4147 1097 4196 adu.
1117 4146 1151 4197 ad
1169 4148 1197 4211 2,

113 4219 295 4286 periculam,
322 4227 405 4283 qaem
423 4215 548 4281 prepter
567 4212 638 4266 baec
679 4209 695 4264 5
716 4210 744 4274 s·
765 4214 788 4262 1.
