2700 4726
385 269 488 342 illl.
512 270 593 341 vll.
640 270 762 344 CAP.
785 276 842 347 23.
1082 282 1150 351 403

61 455 287 547 rietatemquo
307 480 394 549 opus
417 458 567 527 deforme
588 426 653 528 non
676 468 748 543 est,
771 464 912 530 alteruis
933 463 1088 533 trabibus
1109 488 1149 535 ao

61 546 301 701 tibitibi
317 548 1148 707 liiiiiilil‘titilil‘tltltiaiilii.

59 656 259 799 imitatem,
296 722 387 809 quod
416 731 452 789 et
476 722 519 788 ab
542 723 696 790 incendio
718 725 807 811 iapis
829 733 865 791 et
887 728 929 791 ab
952 666 1066 795 arieti)
1068 665 1147 795 1ina-

59 810 144 875 teria
172 807 346 887 defendit,
382 833 469 899 quae
500 812 677 900 perpetuis
702 813 857 881 trabibus
878 813 981 901 pedes
1001 817 1148 903 quadra-

59 918 160 983 genos
192 896 393 986 plerumque
433 899 606 966 introrsus
646 898 797 967 raviueta
832 922 940 991 neque
974 905 1148 994 perrumpi

123 1088 197 1153 quod
214 1085 257 1154 et]
276 1089 307 1141 et
323 1100 377 1142 om.
394 1090 481 1155 Bong.
497 1092 530 1139 A.
550 1090 593 1140 Pl.

121 1159 331 1223 quadragenos]
350 1159 646 1227 quadrieeooasvind.
665 1156 698 1213 c.
717 1158 931 1227 quadringenos
948 1160 1032 1226 Bong.
1051 1164 1085 1213 Α.

55 1310 180 1367 aarum
212 1313 310 1364 trabes
332 1312 483 1367 interiores
505 1316 580 1369 ultro
623 1316 717 1365 trabes
734 1312 892 1366 Interiectus
909 1319 971 1383 est,
987 1315 1077 1367 minus
1094 1318 1148 1368 bae

55 1382 240 1447 onerabunt.
622 1385 733 1434 ordines
749 1396 816 1435 anos
833 1393 954 1449 servant,
972 1398 1052 1448 quam
1068 1398 1148 1451 sua,

105 1450 133 1513 8.
147 1450 166 1503 b
179 1452 209 1501 iu
221 1449 341 1515 speeiem
351 1450 579 1518 varietatemque]
623 1466 692 1517 quae
716 1464 752 1505 ne
770 1453 831 1516 ipsa
850 1452 955 1515 quidem
973 1455 1064 1506 omnia
1084 1456 1146 1507 sine

56 1519 269 1583 impositionis
281 1521 455 1587 significatio,
469 1535 530 1573 oum
543 1523 578 1572 ad
622 1524 702 1573 oalee
726 1530 774 1572 aut
797 1522 926 1572 mortario
942 1523 1015 1574 iuter
1033 1537 1065 1574 se
1082 1527 1148 1587 apta

56 1592 196 1655 utrumque
214 1601 312 1640 nornen
331 1592 438 1641 relatae
458 1605 513 1642 una
530 1603 580 1640 ea·
623 1602 688 1641 esse
711 1590 843 1641 credibile
860 1594 911 1641 est.
948 1594 1074 1643 ceterum
1092 1606 1148 1644 non

56 1660 168 1723 denque
197 1671 262 1709 esee
287 1660 403 1726 debeat,
434 1661 491 1712 alie
515 1672 579 1710 esee
622 1670 693 1722 nego
715 1660 798 1711 etiam
820 1659 879 1725 ita,
907 1669 938 1711 ut
956 1661 1049 1723 Lipsio
1066 1663 1147 1712 vide-

55 1730 155 1795 nequit,
172 1740 255 1791 quam
270 1727 332 1789 illa,
349 1741 403 1792 qua
420 1730 446 1792 5,
464 1732 498 1779 29
516 1727 543 1788 S.
561 1728 578 1781 5
621 1731 711 1791 batur,
730 1731 901 1781 alternantes
916 1732 1011 1780 trabes
1032 1735 1060 1781 et
1078 1744 1149 1783 saxa

55 1798 301 1849 munientium
307 1797 581 1850 'l'ituriueiautram-
621 1798 708 1849 reetls
723 1798 815 1861 lineis,
833 1810 887 1849 uon
899 1799 1002 1864 eorvis,
1020 1811 1087 1852 suoe
1099 1813 1148 1852 or·

57 1878 110 1931 que
137 1870 257 1931 partem
287 1879 353 1917 etse
383 1869 469 1918 tutum
503 1867 579 1918 dlelt.
620 1867 700 1918 dines
717 1879 833 1917 servare
850 1866 904 1918 diei
928 1870 1068 1934 potuisse,
1096 1871 1148 1920 sed

56 1936 145 1987 Solum
170 1938 278 2001 quidem
301 1935 334 1986 in
357 1940 480 2001 operient
496 1937 581 1986 aliter
620 1947 670 1986 eas
701 1936 848 1986 diametros
870 1936 932 1985 sive
954 1936 983 1987 in
1009 1938 1147 2003 obliquum

57 2006 155 2057 diemm
173 2014 217 2057 eat
235 2016 290 2055 non
309 1996 437 2070 medab,
462 2004 495 2056 51
516 2006 544 2065 s.
562 2008 579 2055 3
622 2007 719 2055 ductas
732 2015 795 2053 esse
806 2013 835 2053 et
847 2007 932 2055 totum
947 2009 1147 2069 opussueeiem

56 2072 83 2125 in
106 2074 266 2126 obstruatis
286 2075 317 2125 in
335 2074 580 2138 inceramenta,
622 2075 756 2135 praebere
764 2074 910 2139 tessellati,
924 2072 951 2124 id
959 2078 1147 2127 verodemon-

57 2144 104 2193 eed
122 2144 208 2195 etiarn
229 2146 299 2206 apud
318 2142 377 2194 (iio.
394 2146 525 2210 vermi,
544 2147 580 2195 33
622 2141 709 2193 strari
729 2142 915 2206 ascriptam,
944 2155 999 2193 nou
1016 2144 1149 2196 divinan-

58 2212 94 2281 (6.
111 2210 179 2279 8t):
205 2213 374 2277 Egreditur
392 2212 426 2263 in
443 2213 582 2264 Centuri-
622 2213 686 2261 dum
693 2209 1054 2273 relinquileotoridebuisse.
1071 2214 1150 2275 Quod

56 2284 122 2347 uina
158 2274 341 2349 quadriremi
374 2281 536 2334 Cleomenes
565 2294 581 2333 e
623 2293 684 2330 eum
708 2292 794 2341 neque
821 2280 847 2327 h.
873 2281 892 2329 l.
916 2282 1049 2352 neque'§.
1067 2286 1085 2334 3
1103 2285 1150 2334 ta·

56 2354 161 2419 nm,
190 2354 326 2417 requitur
345 2352 506 2416 Segestana
526 2366 583 2402 ua·
623 2356 697 2399 otum
720 2349 773 2413 eit,
804 2347 930 2408 Lipsium
954 2361 983 2400 et
1005 2354 1151 2415 plerosque
1240 2348 1244 2357 “

56 2420 581 2487 eie,t'uadaritoao,llerbitensia-.·
623 2428 753 2480 errasse,
781 2416 907 2468 Relatum
932 2420 983 2470 lrao
1010 2421 1150 2474 dumtaxat

53 2493 213 2556 practura
247 2493 347 2541 clasma
383 2491 416 2540 io
447 2489 580 2556 arteriam,
624 2488 653 2538 in
670 2495 751 2551 parte
768 2497 866 2538 verum
883 2487 987 2539 vidisse
1005 2492 1134 2543 arbitror.

55 2560 105 2612 red
123 2562 209 2625 inope
220 2562 251 2611 et
263 2559 382 2625 irtfirma
393 2561 519 2623 propter
534 2561 582 2611 di-
675 2555 814 2618 perpetuis
833 2556 958 2607 trabibus
977 2560 1063 2620 pedes
1080 2571 1151 2625 qua·

54 2628 218 2681 maionem
229 2629 482 2694 propuqmtorum
493 2630 581 2695 atqua
623 2626 759 2688 drageuos
776 2627 934 2690 plerumque
951 2627 1087 2680 introrsus
1103 2642 1151 2680 re-

55 2698 216 2767 remiymn
245 2701 280 2751 ad
299 2710 411 2762 quorum
430 2706 523 2751 tamen
539 2698 582 2748 si·
624 2692 733 2753 villeta]
753 2695 989 2756 Uteupratrabes
1003 2706 1151 2761 perpetuae

55 2766 231 2821 militudinem
254 2766 337 2818 etiam
363 2766 407 2815 bia
430 2768 526 2833 locus,
555 2768 582 2819 si
624 2762 760 2813 introrsus
779 2764 913 2815 revinciri
931 2766 1010 2831 dixit,
1027 2768 1066 2817 ita
1085 2770 1110 2819 Ιι.
1129 2769 1151 2818 Ι.

55 2838 174 2889 aditum
191 2848 248 2889 uon
265 2836 379 2887 baberet
389 2836 582 2889 varietatem·
624 2832 797 2897 anulariam,
817 2846 886 2895 quae
906 2836 1043 2899 perpetuis
1064 2836 1152 2887 trabi·
1255 2856 1259 2873 ·

56 2918 121 2975 que,
133 2907 177 2959 ita
194 2906 282 2969 redigi
299 2913 402 2970 nosset,
416 2914 447 2955 ut
465 2918 583 2968 praepo-
625 2902 676 2951 bus
695 2901 723 2950 in
740 2899 932 2965 longitudinem
949 2905 1091 2956 collocatis
1104 2918 1154 2955 re-

56 2976 120 3028 sitio
136 2988 192 3029 non
202 2976 238 3026 ad
250 2978 365 3039 partem,
383 2974 413 3024 ln
425 2988 504 3039 quam
517 2987 583 3033 sue·
625 2971 780 3034 vinetisque
787 2974 943 3035 constabat,
955 2974 1152 3040 breviterper-

57 3050 158 3112 entur,
175 3046 226 3096 sed
241 3047 277 3095 ad
293 3058 361 3107 rem,
381 3056 450 3108 quae
467 3044 582 3097 affeetu·
623 3040 720 3104 patuit
731 3040 859 3090 trabibus
869 3042 1153 3113 reoiuotamdemon·

57 3114 280 3179 irretirentur,
299 3115 459 3164 referretur.
626 3111 698 3159 strat
726 3110 818 3161 addita
848 3110 1025 3174 longitudinis
1054 3112 1152 3176 ipsius,

107 3194 180 3247 quae
198 3182 283 3235 rectia
299 3182 380 3233 lineis
395 3193 461 3232 suos
473 3179 585 3233 ordines
626 3190 697 3242 quae
714 3178 917 3243 assentiebat,
936 3180 1155 3243 significationee

57 3252 186 3313 servum]
217 3253 293 3313 Quod
310 3264 379 3303 auae
395 3253 505 3303 ordines
523 3263 585 3301 eer-
626 3260 708 3311 quam
733 3246 779 3311 qui
801 3260 867 3299 sero
884 3248 945 3299 lieri
964 3258 1060 3311 putant
1077 3250 1154 3301 ideo·

59 3334 126 3373 rnre
141 3320 270 3372 dieantur
286 3324 380 3373 trabes
395 3325 517 3385 atsere,
534 3323 584 3370 bos
625 3328 679 3381 que
697 3319 747 3367 bae
764 3318 857 3368 trabes
873 3322 1052 3369 mensversas
1067 3318 1155 3370 inter·

58 3390 169 3445 ordines
202 3389 327 3441 diversos
358 3402 421 3440 esee
457 3392 586 3440 doeemur
627 3389 787 3451 metantur,
812 3386 839 3435 bl
856 3390 1096 3454 transverseram,
1129 3386 1155 3437 si

59 3462 95 3513 ab
118 3458 196 3527 illie,
227 3471 295 3523 quos
315 3457 341 3518 S.
359 3462 376 3508 3
395 3459 538 3511 collocatis
557 3460 586 3508 et
628 3467 699 3518 quae
716 3461 818 3521 essent,
835 3455 1030 3519 longitudinem
1042 3460 1077 3507 ad
1089 3470 1155 3519 ope-

59 3528 258 3593 eoegmeutetis
282 3522 344 3579 eum
367 3527 444 3577 saxis
463 3526 586 3579 trabibus
628 3524 669 3574 ris
679 3523 833 3574 firmitatem
846 3526 1061 3592 multomlnoris,
1076 3538 1155 3590 quam

60 3600 133 3651 etliei
148 3598 279 3665 vidimus,
297 3596 342 3663 qul
353 3609 509 3648 communes
523 3597 586 3647 sunt
628 3592 811 3657 directarum,
830 3593 981 3656 exquibus
1000 3595 1157 3646 crassitudo

60 3669 187 3721 trabibus
203 3680 264 3719 oum
281 3664 367 3731 saxis,
384 3666 469 3717 rectis
480 3670 508 3717 et
520 3664 585 3731 ipsi,
628 3662 699 3713 muri
714 3664 851 3726 penderet,
868 3662 1074 3725 perpetuitatem
1089 3676 1156 3715 veru

60 3744 90 3791 ut
106 3736 235 3803 videtur,
265 3736 345 3787 lineis
369 3735 398 3786 in
417 3735 586 3786 latitudinem
629 3730 732 3782 nullius
750 3731 856 3783 omniuo
876 3733 1005 3783 momenti
1020 3746 1084 3784 esee
1101 3746 1156 3787 uon

60 3806 199 3861 toiloeati.
232 3804 268 3856 iii
286 3817 369 3869 vero,
394 3805 438 3868 qui
458 3806 505 3854 aiii
523 3804 588 3854 sunt
630 3805 769 3867 reputant,
785 3800 945 3865 sedatorem
958 3806 1046 3855 autem
1061 3804 1158 3854 iisdem

60 3876 189 3941 uatium,
207 3874 405 3939 tullianorum,
422 3875 449 3923 in
464 3872 587 3925 altitudi-
631 3870 776 3921 vocabulis
792 3882 840 3921 res
854 3871 982 3922 diversas
997 3872 1158 3937 significan·

61 3958 122 3999 uem
139 3954 288 4009 surgentes
300 3943 438 4009 cogitandi
450 3946 477 3993 et
490 3944 589 3994 rectae
631 3944 684 3993 teu
694 3938 775 4004 quasi
787 3941 912 3991 oonsulto
927 3944 1055 3993 tenebrae
1069 3945 1158 3992 leoto-

61 4028 115 4067 uun
131 4016 169 4067 eti
186 4014 300 4078 libram,
325 4014 375 4063 sed
391 4016 427 4063 ad
444 4010 590 4076 perpendi·
631 4011 707 4061 ribus
725 4006 896 4061 obiicientem
914 4009 1027 4062 iaciunt.
1062 4013 1115 4073 Qui
1133 4010 1160 4060 si

62 4086 155 4137 eninm
176 4084 272 4136 botae
296 4082 490 4145 intelligendae
516 4089 589 4130 eunt.
631 4080 681 4143 ita,
699 4088 728 4129 ut
745 4090 796 4141 par
813 4089 875 4141 est,
893 4078 945 4147 sibi
963 4084 1088 4146 eonstat,
1106 4091 1159 4129 non

59 4154 237 4221 nequeenim
249 4154 321 4221 ideo,
338 4155 408 4220 quod
420 4161 507 4217 agger
519 4147 590 4207 inter
632 4149 693 4202 sine
704 4148 811 4223 ratione
818 4152 984 4219 sanctonae,
995 4163 1065 4217 quae
1072 4147 1160 4203 omui-

116 4238 158 4291 ii.
907 4220 955 4286 2ss

303 4434 311 4463 Ι
