2700 4726
143 239 212 307 442
407 232 478 301 DE
504 230 691 301 BELLO
722 230 972 302 Gannico

147 424 263 515 copias
300 424 534 490 conlocauerat
561 427 664 508 atque
694 421 849 488 omnibus
870 421 952 488 :cius
982 418 1055 505 iugi
1084 416 1234 487 collibus

147 512 334 617 occupatis,
356 532 423 617 qna
439 509 568 599 despici
588 516 734 617 potorpt3
755 507 951 615 horribilem
969 506 1116 613 speciem
1135 529 1237 596 pruc-

16 683 22 698 ·
108 601 870 777 ⁸iiiiibilbiliiiiiiilf'iill’
885 592 1240 751 lliziiliiil

186 896 215 945 ct
231 906 249 946 a
265 891 358 954 Lipsio
373 895 513 957 vulgatam
531 900 640 954 praeter
657 889 764 941 codices
779 889 861 958 (Vre.
877 889 954 942 Laid.
969 894 1002 940 A.
1021 891 1094 942 Har.
1109 893 1143 941 A.
1159 887 1242 941 Vind.

185 966 220 1015 A.
237 970 273 1025 ec,
293 964 453 1027 mulcetur,
471 959 557 1025 And.)
571 961 815 1025 commendatum,
830 962 901 1025 quod
913 961 1061 1015 orationem
1072 961 1146 1010 baud
1158 960 1243 1023 paulo

184 1032 396 1083 numerosiorem
413 1033 511 1082 reddit.

135 1134 138 1139 -
220 1100 386 1160 civitatium]
418 1103 526 1166 „llong
546 1103 579 1152 Α.
598 1099 682 1150 Voss.
700 1100 734 1149 A,
755 1098 825 1150 bor.
843 1098 920 1161 llgrn.
937 1100 963 1151 lr.
980 1098 999 1147 l.
1017 1104 1046 1149 et
1064 1095 1092 1158 S·
1110 1093 1154 1148 3⁶⁴
1173 1098 1245 1159 quod

184 1170 367 1220 testimonium
384 1169 567 1229 Oudendorpii
584 1171 701 1231 utroque
718 1169 779 1218 loco
797 1166 905 1218 silentio
919 1167 1063 1219 Plirsclrlrii
1080 1165 1155 1217 etin
1171 1167 1245 1220 Isou.

186 1240 217 1290 et
234 1241 310 1303 llgm.
330 1238 483 1290 testimonio
507 1238 672 1302 exemplaris
695 1234 850 1288 Fabriciani
869 1236 1062 1288 confirmatur:
1093 1236 1128 1284 de
1152 1235 1238 1285 Voss.

185 1310 221 1360 A.
240 1310 313 1358 tacet
333 1308 417 1358 Febr.
453 1309 609 1359 hecilonem
628 1304 810 1366 Oudendorpii
830 1309 940 1357 secutus
959 1309 1001 1356 est
1018 1305 1182 1367 Ddbnerus,
1213 1311 1245 1352 ut

187 1375 269 1427 eciam
298 1376 326 1426 in
349 1378 412 1426 Par.
437 1378 473 1425 Α.
497 1379 608 1438 reperta
630 1377 665 1425 ab
690 1388 724 1426 eo
748 1374 892 1438 videatur,
923 1375 969 1437 qui
992 1374 1064 1425 liber
1091 1373 1244 1424 secundum

188 1446 310 1508 ileyerlli
329 1445 464 1495 silentium
483 1459 544 1494 cnm
562 1444 677 1508 reliquis
696 1443 835 1495 codicibus
848 1444 984 1506 editisque
997 1451 1060 1496 aute
1072 1442 1141 1493 oud.
1155 1440 1246 1493 omni·

187 1516 241 1565 bne
256 1514 411 1565 civitatem
427 1514 529 1564 trabere
546 1513 705 1564 indicandus
723 1516 777 1562 est.
811 1511 855 1569 cf.
880 1514 943 1564 adn.
961 1527 1001 1564 cr.
1018 1513 1054 1563 ad
1072 1509 1099 1575 4,
1116 1514 1135 1561 3
1152 1511 1180 1574 §.
1198 1511 1226 1561 1.

223 1584 430 1643 conlocauerat]
448 1585 523 1646 ligm.
543 1578 621 1634 Vrec.
639 1586 672 1633 A.
691 1580 789 1647 (Boog.
810 1584 861 1640 A.)
878 1584 943 1632 Par.
960 1586 993 1633 A.
1012 1592 1067 1631 non
1085 1582 1151 1631 coll.

223 1652 341 1715 despici]
362 1654 394 1705 ln
411 1652 494 1704 vind.
512 1655 545 1702 A.
563 1652 599 1704 cie
618 1660 717 1715 puncto
731 1649 885 1715 subscripto
902 1652 1024 1703 notatum
1035 1646 1248 1714 etsnpraecr'i-

189 1724 265 1785 ptnm
283 1725 328 1772 est
344 1735 372 1771 a.

224 1789 252 1850 S.
271 1794 288 1841 3
313 1788 426 1851 cotidie]
445 1787 514 1853 post
531 1788 576 1844 lod
598 1802 630 1841 se
649 1788 765 1851 positum
783 1788 882 1839 babent
900 1788 981 1841 Vrat.
998 1786 1029 1839 G.
1047 1787 1129 1839 Vind.
1148 1789 1173 1841 1.
1187 1789 1248 1853 (bic

189 1856 277 1922 coit.)
304 1867 331 1908 ec
355 1859 415 1911 edd.
441 1868 506 1908 ante
530 1859 597 1909 0ud.
620 1868 736 1921 excepta
752 1855 824 1911 ven.
841 1858 863 1908 f.
880 1857 990 1923 (quoti.
1008 1859 1070 1909 edd.
1087 1860 1152 1908 ante
1167 1856 1248 1921 Ber.)

190 1941 245 1979 om.
265 1928 315 1978 ox.
335 1924 386 1978 Cu.
404 1927 482 1977 held.
497 1930 532 1978 A.
553 1929 626 1979 liar.
645 1931 681 1978 A.
700 1926 783 1977 Vind.
801 1929 835 1977 A.
851 1937 905 1977 nou
923 1926 982 1976 sine
1002 1938 1100 1994 causa,
1117 1928 1142 1977 si
1159 1928 1250 1978 verbo

190 1997 445 2050 reo—eideretor
462 1997 607 2058 scriptoris
623 1995 774 2059 opinionem
796 1996 829 2045 de
846 1995 1011 2063 conditione,
1027 2008 1081 2059 qua
1093 1996 1250 2060 Vercinge-

191 2065 264 2120 torix
282 2066 438 2117 convenire
461 2065 525 2116 illos
548 2066 669 2131 iuberet,
695 2064 860 2130 significant.
894 2066 964 2115 Nam
981 2066 1051 2127 quod
1069 2064 1132 2129 quis
1149 2065 1251 2116 cotidie

191 2137 286 2186 fucere
304 2136 413 2201 dicitur,
431 2135 459 2189 id
477 2136 502 2184 si
521 2137 674 2186 conditione
692 2136 784 2196 aliqua
800 2134 897 2185 dicitur
912 2136 1019 2200 iacere,
1037 2144 1098 2184 earn
1115 2135 1250 2185 conditio-

190 2218 255 2257 nem
274 2207 485 2255 consentaneum
504 2213 546 2254 esc
563 2205 591 2254 in
610 2205 686 2254 facto
704 2204 813 2269 potius,
842 2214 923 2266 quam
943 2203 972 2253 in
989 2202 1115 2266 opinione
1133 2204 1251 2266 positam

192 2272 381 2325 demonstrari.
417 2274 517 2323 contra
541 2275 611 2335 quod
635 2285 688 2322 nou
708 2271 806 2322 cotidie
826 2271 867 2336 fit,
887 2271 947 2322 sine
963 2272 1113 2333 offensione
1129 2275 1165 2323 ad
1182 2285 1252 2324 oon·

193 2343 321 2393 ditionem
345 2340 507 2402 opinabilem
533 2341 634 2393 referri
657 2343 755 2403 potest.
795 2342 849 2391 Sed
876 2341 1068 2392 coniunctivus
1087 2340 1253 2405 ,videretur

193 2410 219 2461 sl
237 2413 272 2460 ad
290 2411 439 2461 orationem
464 2414 571 2470 spectat
588 2407 825 2475 Vercingetorigis
843 2410 981 2472 principes
999 2411 1084 2461 adse
1100 2412 1253 2464 convenire

193 2480 331 2539 iubentis,
351 2478 454 2529 cotidie
471 2479 527 2528 iem
545 2491 599 2529 non
618 2492 679 2530 cnm
696 2477 826 2542 iubebat,
858 2479 907 2529 sed
929 2491 991 2531 cum
1008 2480 1168 2532 cononice
1185 2493 1253 2533 con-

196 2550 353 2600 stmenduru
368 2547 438 2597 satis
457 2549 500 2597 est
518 2547 664 2610 probabile.

214 2720 241 2781 s.
261 2721 277 2768 2
298 2719 508 2782 conlocauerat]
532 2733 572 2772 sc.
589 2721 619 2772 in
637 2733 686 2773 ca·
730 2715 864 2788 erperode
878 2717 1014 2795 disiecta
1027 2721 1159 2774 ceterum
1170 2726 1258 2778 verba
1279 2713 1281 2717 ’

163 2788 249 2851 stris,
280 2791 311 2838 nt
338 2791 366 2851 s.
390 2792 417 2842 7.
452 2786 551 2854 ltaque
574 2791 688 2842 totidem
731 2804 789 2857 qua
802 2791 911 2858 despici
923 2794 1045 2855 poterat
1062 2795 1142 2844 recte
1157 2793 1195 2844 ad
1209 2809 1258 2845 se-

162 2860 246 2907 erant
261 2861 366 2922 castra,
384 2861 450 2920 quot
463 2861 611 2913 civitates:
629 2874 688 2912 me-
732 2863 846 2922 qirentia
868 2862 982 2927 retulit,
1016 2874 1070 2924 quo
1095 2876 1161 2912 esse
1179 2865 1258 2915 reie-

162 2928 210 2977 dia
235 2940 297 2976 cnm
314 2929 452 2979 Arvernis
476 2931 589 2981 tenebat
612 2933 687 2982 Ver·
730 2931 921 2994 rendalocus‚
935 2944 1014 3014 quem
1026 2931 1257 2996 tenent‚indicai.

161 2995 328 3059 cingetorix.
730 3000 825 3065 Neque
849 3002 984 3052 credibile
1007 3003 1052 3051 est
1068 3000 1260 3067 vercingeto:

218 3078 273 3127 qua
295 3065 400 3127 despici
422 3069 548 3130 poterat]
580 3080 634 3131 qua
653 3081 689 3118 ex
730 3070 820 3132 rigens
847 3082 944 3120 omnes
974 3069 1035 3119 eius
1068 3069 1127 3135 iugi
1157 3072 1259 3137 colles,

163 3137 246 3197 parto
277 3147 367 3200 neqpe
395 3135 485 3187 silvae
515 3153 605 3203 neque
630 3139 689 3189 alia
731 3139 817 3188 etiam
842 3151 906 3205 eos,
939 3139 969 3189 in
1003 3140 1101 3204 quibus
1123 3140 1258 3192 civitates

163 3204 327 3265 obstabant,
359 3218 412 3267 quo
429 3207 519 3257 minus
536 3207 644 3272 despici
659 3208 690 3258 in
730 3210 936 3275 collocaverat,
962 3197 1005 3259 'ea
1032 3212 1140 3260 tanturn
1164 3214 1257 3278 perte,

163 3273 229 3323 loca
246 3273 372 3334 subiecta
388 3277 417 3323 et
434 3277 542 3338 species
560 3276 690 3340 praeberi
731 3288 787 3340 qua
803 3276 909 3338 despici
920 3279 1044 3343 poterat,
1063 3281 1259 3347 occupavisse.

164 3342 225 3392 iilic
251 3343 429 3393 versantibus
455 3347 557 3407 posset.
599 3347 690 3409 Atque
782 3346 811 3407 S.
829 3349 846 3394 3
863 3344 1059 3410 principesque
1073 3360 1171 3398 earum
1186 3351 1260 3401 civi-

164 3412 226 3474 lpse
246 3412 394 3475 despectus
408 3416 520 3466 valebat
535 3413 641 3477 aliquid
653 3415 691 3467 ad
731 3415 848 3477 tatium,
869 3418 952 3476 qrros]
973 3417 1128 3468 Pronomen
1146 3420 1261 3471 demon-

164 3482 303 3532 terrorem
320 3483 497 3535 iniiciendum
510 3485 557 3548 iis,
575 3485 623 3547 qul
635 3497 690 3533 un·
732 3484 883 3534 strativum
907 3485 941 3534 de
968 3485 1130 3536 civitatibus
1155 3489 1261 3540 circum

165 3551 247 3613 dique
273 3552 410 3615 capitibus
437 3553 497 3603 sois
516 3549 690 3603 imminentes
733 3552 996 3619 Vercingetorigem
1012 3549 1176 3622 collocatis,
1203 3572 1260 3611 non

165 3623 261 3671 hostes
286 3622 429 3689 viderent,
462 3623 509 3685 qui
526 3625 556 3674 in
573 3622 691 3685 planitie
734 3623 768 3672 de
792 3623 919 3675 omnibus
939 3637 1011 3687 quae
1029 3626 1192 3677 deiecerant
1210 3628 1260 3680 oni

165 3689 310 3751 oppositos
324 3690 408 3741 etiam
421 3693 514 3754 plores
528 3705 616 3756 aequo
625 3695 690 3743 ani·
733 3692 917 3745 deiectionem
933 3697 1085 3757 parabant,
1103 3707 1263 3750 sermonem

165 3770 210 3807 nro
235 3760 454 3820 conspexissent.
469 3820 473 3827 ¹
491 3763 620 3813 Alienum
634 3774 690 3813 non
733 3774 797 3812 esse
815 3762 968 3823 significate
987 3766 1136 3817 relativum
1152 3768 1262 3831 princi-

165 3830 222 3877 tam
235 3828 271 3874 ab
284 3840 324 3888 re,
342 3841 423 3891 quom
437 3842 455 3880 c
470 3832 564 3881 verbis
578 3844 690 3882 sensum
706 3849 714 3864 ·
732 3843 783 3893 pes
801 3844 895 3883 earum
913 3834 1008 3884 delinit
1021 3836 1074 3892 (ci.
1094 3836 1161 3887 adn.
1178 3838 1215 3889 od
1234 3851 1262 3895 c,

165 3895 261 3976 intplit
284 3899 506 3978 bletpplrrastes:
535 3892 642 3954 ndreae
659 3917 689 3952 τε
731 3897 795 3961 ds.
816 3905 848 3962 2)
866 3904 895 3953 'et
913 3905 1085 3956 exennium
1105 3907 1263 3970 principum

165 3980 227 4017 eoos
256 3980 305 4014 roc
334 3983 410 4026 occur
433 3965 531 4018 τούτου
555 3965 690 4035 γηλόφους
732 3983 847 4022 numero
866 3977 960 4024 certos
980 3975 1130 4039 quosdam,
1150 3989 1207 4027 non
1224 3989 1262 4026 ex

165 4028 323 4097 κατασχών,
344 4027 365 4104 ᾖ
381 4033 510 4104 καθορᾷν
525 4031 585 4088 οἷόν
600 4054 631 4090 cc
647 4028 692 4102 ἦνς
734 4040 896 4091 civitatibus
912 4043 1052 4105 principes
1071 4045 1262 4113 aVcrcingc-

165 4096 252 4172 ταύτῃ
282 4097 317 4157 oie
348 4099 610 4174 accipenserem
639 4102 693 4173 'eris
735 4108 826 4176 torige
844 4111 967 4164 delectos
985 4125 1050 4164 esse
1065 4114 1158 4166 docet.
