2700 4726
203 278 271 351 354
392 277 747 351 nunnae
780 275 1032 350 Gannico

159 467 182 530 6
204 465 284 533 tiani
308 438 436 556 posset.
485 467 561 536 Ha'c
588 491 626 537 rc
654 469 788 554 cognita
816 466 1076 554 Vercingetorix
1104 446 1226 532 rursus
1255 464 1292 534 iu

202 552 378 666 Bituriges
396 558 580 625 exercitum
601 553 735 624 reducit
756 565 858 644 atquo
874 556 952 623 iude
970 556 1142 645 proiectus
1160 551 1294 642 Gorgo-

273 745 301 808 s.
319 747 350 808 6]
370 747 570 815 Gorgobinam]
595 748 708 814 ,‚llong.
725 743 760 801 A.
779 749 864 803 Voss.
884 750 918 802 A.
935 749 996 800 Pet.
1013 751 1090 814 ligm.
1107 749 1179 800 Isou.
1198 745 1293 799 rell.“

238 817 316 868 doto.
336 817 396 868 Pal.
414 819 480 870 Par.
497 823 532 872 Α.
550 819 631 868 Vrat.
649 816 727 869 ABG.
747 819 799 868 du.
833 814 909 868 Petu.
923 818 996 869 nist.
1017 821 1060 884 16,
1079 819 1121 871 15.
1140 819 1194 869 ino.
1212 817 1291 869 Gor-

237 885 388 954 ybobinum
411 889 461 937 Dr.
480 889 512 936 Α.
531 886 720 952 Gerpobinam
737 889 797 938 ood.
817 886 859 939 ci.
877 889 945 939 Lbb.
963 888 1011 938 Dr.
1028 889 1058 936 li.
1076 890 1158 940 Vrat.
1178 888 1200 936 ii
1218 899 1236 939 a
1253 900 1290 940 m.

238 969 265 1006 s.
284 958 367 1008 (ioth.
384 959 416 1006 Β.
439 957 536 1007 llamb.
562 957 644 1007 vind.
673 954 767 1009 cuns
785 959 814 1008 et
830 970 880 1021 pro
899 970 928 1008 v.
944 957 964 1007 l.
984 958 1014 1006 ll.
1032 957 1104 1006 Med.
1122 969 1149 1006 a.
1166 956 1241 1007 Veu.
1258 959 1293 1010 bo

224 1025 294 1085 stef.
322 1026 409 1076 Vesc.
435 1027 476 1075 et.
502 1023 620 1092 (Frell.)
637 1025 817 1092 Gerpobinon
833 1029 911 1080 Rom·
933 1037 960 1077 a.
977 1025 1188 1090 Gcrpobinnano
1205 1026 1291 1092 Boug.

235 1095 268 1144 c.
293 1088 480 1162 Γεργοβῖνναν
504 1097 571 1145 Met.
603 1094 777 1162 Gergouiam
798 1097 834 1154 V.
858 1096 889 1147 G.
914 1093 999 1147 Voss.
1021 1093 1196 1161 dorycnium
1219 1097 1292 1154 [ιον.

234 1162 318 1229 Fabr-
335 1162 503 1228 Gerpobium
523 1165 585 1214 lter.
601 1165 664 1215 Ald.
682 1175 709 1213 a.
728 1165 778 1214 Gr.
796 1165 841 1215 ab.
859 1164 1034 1230 dornoniam
1050 1165 1079 1213 P.
1094 1167 1171 1215 Mau.
1183 1161 1248 1216 Ald.
1265 1168 1293 1217 b.

235 1232 317 1282 Turn.
336 1233 415 1295 Lips.
431 1245 491 1296 sqq.
511 1234 561 1282 sed
579 1226 640 1284 oum
658 1233 739 1283 uncis
757 1229 796 1285 iu.
814 1234 862 1284 Gr.
881 1234 949 1284 0ud.
968 1237 995 1283 2.
1014 1232 1174 1284 Gortonam
1188 1235 1243 1284 'cu
1263 1236 1292 1285 S.

233 1302 315 1353 Leid.
337 1305 369 1353 Α.
397 1303 461 1352 Par.
484 1304 512 1350 li.
531 1302 604 1353 iiav.
624 1306 659 1352 il.
677 1304 706 1351 et
723 1302 801 1370 „qui
818 1303 903 1352 etiam
922 1302 1014 1352 refert
1031 1300 1218 1354 Gorbolinm“
1238 1304 1291 1356 Ox.

234 1374 274 1434 et,
294 1372 341 1432 qui
352 1370 541 1437 Gorpoboiam
557 1375 623 1431 post
637 1373 801 1422 coercitum
811 1371 897 1435 addit,
911 1371 994 1423 Vind.
1008 1375 1042 1424 A.
1077 1373 1136 1422 lloo
1150 1385 1185 1421 ex
1197 1374 1292 1435 Epire-

234 1441 386 1492 meridibus
406 1440 521 1501 petitum
538 1452 603 1490 esse
622 1442 723 1502 potest,
741 1441 884 1503 inquibus
902 1440 1009 1491 caesar
1026 1439 1104 1492 aliud
1120 1454 1220 1492 nomen
1238 1455 1292 1504 po-

236 1511 360 1575 suisset,
379 1509 451 1571 quod
465 1510 636 1571 postmodum
656 1510 849 1573 corrigendum
871 1513 1012 1572 putasset:
1035 1514 1142 1561 tautum
1163 1514 1293 1580 apparet,

234 1591 315 1629 mere
338 1578 468 1629 variandi
492 1577 608 1629 libidine
631 1591 686 1629 non
705 1580 810 1643 magle,
842 1592 924 1643 qoam
941 1592 1018 1630 mero
1035 1580 1175 1630 scribendi
1193 1590 1294 1632 errore

235 1648 381 1699 exstitisse
405 1647 575 1697 Gortoncm.
617 1648 658 1698 De
680 1648 736 1697 situ
754 1649 847 1711 oppidi
866 1650 990 1699 Ukcrtus
1009 1650 1084 1699 Gall.
1104 1644 1203 1710 mii
1220 1650 1292 1700 ullril

235 1718 359 1770 ostendit
379 1716 436 1765 nisi
452 1717 487 1766 ad
506 1716 643 1768 orientem
660 1730 760 1768 versus
777 1729 796 1768 a
812 1718 927 1787 Ligeri,
951 1720 1029 1770 certe
1046 1721 1081 1770 ab
1097 1719 1220 1770 Elavere
1237 1721 1292 1771 tlu-

235 1788 311 1838 mine
328 1787 451 1850 positum
469 1786 569 1835 luisse.
665 1804 668 1808 ·

198 1943 439 2009 quarumliberun
453 1943 590 1994 alterutra
605 1942 725 2008 ceteras,
767 1938 937 2006 Lingonibus
971 1940 1123 1994 hiemantes
1156 1945 1294 2006 venerat3

199 2027 237 2066 au
255 2028 348 2066 omues
365 2015 458 2062 decern
476 2013 506 2063 in
518 2013 655 2062 diversum
669 2012 725 2061 all·
767 2011 801 2061 de
817 2016 869 2076 quo
888 2011 913 2060 sl
926 2013 1064 2061 Arvernis
1077 2013 1200 2064 nuntiari
1213 2011 1293 2075 prius

199 2096 280 2147 quem
298 2086 332 2134 ab
350 2083 409 2148 iis‚.
423 2095 492 2144 (illos
510 2082 599 2131 adhuc
616 2082 725 2130 tenuis·
766 2093 823 2131 non
840 2081 945 2143 potuit,
972 2093 1052 2142 quum
1069 2081 1120 2133 ille
1136 2095 1231 2132 omues
1249 2084 1293 2133 le-

197 2157 272 2219 sent,
289 2155 380 2204 locum
397 2151 537 2214 coegerit3
559 2152 608 2200 scd
629 2151 657 2197 et
672 2160 725 2211 per
766 2150 863 2212 gioues
882 2144 912 2198 in
929 2162 1013 2200 unum
1031 2152 1123 2210 locum
1140 2153 1293 2216 coegisset,

197 2236 231 2272 se
255 2221 409 2272 verisimile
433 2225 478 2271 est
502 2222 531 2267 et
549 2233 583 2268 ex
601 2218 655 2266 line
675 2229 724 2266 oa·
767 2229 825 2267 uon
843 2219 1000 2268 incredibili
1025 2219 1141 2280 quadam
1159 2221 1292 2271 Caesaris

196 2292 266 2356 pitis
300 2290 442 2353 sequentis
477 2286 660 2336 verisimilius
692 2285 725 2334 dt
767 2285 796 2335 iu
815 2288 946 2350 cogendis
965 2288 1126 2353 celeritate,
1156 2291 1206 2338 sed
1224 2303 1293 2340 casu

198 2359 383 2424 Agedincum,
423 2357 470 2407 ubi
507 2371 558 2405 sex
598 2354 723 2418 legiones
767 2358 795 2403 et
813 2356 950 2406 felicitate
963 2359 1052 2420 ipsius
1065 2358 1113 2427 vel
1124 2359 1293 2410 infelicitate

196 2429 365 2490 hiemabant,
383 2429 494 2476 ceteras
513 2427 644 2487 qrrettuor
660 2436 724 2473 esse
765 2425 957 2476 Arvernorum
979 2427 1020 2476 ita
1036 2429 1141 2478 iactum
1156 2441 1220 2478 esse
1239 2443 1293 2493 pu-

197 2489 326 2549 coactass
341 2499 437 2558 ltaque
452 2508 488 2543 ex
501 2495 673 2558 Lingonibus
688 2493 724 2542 ad
767 2495 878 2544 tandum
906 2497 957 2545 est.
1003 2495 1202 2546 coniunctivus
1235 2511 1294 2549 uon

196 2568 323 2631 reliquas
354 2566 478 2629 legiones
510 2565 639 2626 misisse,
674 2561 724 2611 sed
766 2564 912 2613 consilium
929 2564 1075 2629 caesaris,
1094 2568 1143 2616 sed
1162 2580 1221 2616 rem
1241 2580 1291 2618 cu-

198 2637 269 2687 duas
292 2637 413 2699 tautum,
446 2645 517 2697 quae
543 2633 724 2683 trevirorum
766 2633 1077 2698 gitatamtautum,nou
1091 2638 1293 2702 factamsigni-

198 2706 236 2758 ad
257 2705 327 2756 fines
353 2706 460 2768 positae
478 2703 641 2765 longissime
655 2704 722 2751 abc·
766 2704 839 2752 licat.
875 2702 917 2753 Gi.
935 2710 963 2767 6,
979 2701 998 2752 4
1015 2704 1088 2771 841:
1107 2705 1291 2772 iubetinop-

196 2777 279 2841 rant,
313 2789 349 2824 ex
372 2775 494 2835 ipsarum
514 2773 635 2822 bibernis
653 2784 723 2842 evo·
763 2774 843 2836 pido
867 2775 1081 2826 nrultitndincm
1122 2774 1292 2828 convenire.

196 2857 289 2903 oasse,
307 2857 358 2893 sex
370 2841 505 2907 Agedinci
521 2843 672 2891 lriemautcs
689 2841 722 2890 da
765 2843 938 2894 Conantibus
955 2844 1046 2906 prins,
1065 2856 1149 2909 qnorn
1166 2845 1197 2894 id
1210 2845 1294 2912 effice·

196 2927 249 2966 suo
285 2915 406 2962 adventu
441 2910 578 2961 certiores
608 2911 723 2975 iecisse,
762 2913 871 2977 posset,
889 2914 989 2962 adesse
1006 2913 1153 2963 nonianus
1169 2916 1291 2966 notitia-

168 2983 296 3033 ,deiude
320 2983 457 3043 ipsecum
477 2980 633 3029 durabusex
651 2980 721 3028 Lin-
765 2985 827 3032 tur.
869 2981 907 3032 lb.
932 2985 949 3030 3
973 2980 1000 3040 S.
1019 2987 1050 3031 ²:
1071 2983 1170 3046 prins,
1204 2997 1291 3049 quam

194 3053 312 3117 gouibus
332 3051 501 3113 Agedincum
519 3049 662 3110 profectus
681 3049 721 3099 ita
764 3050 809 3102 illi
826 3052 879 3101 ont
893 3049 1049 3100 ccrrccnire
1060 3053 1113 3101 ant
1125 3053 1291 3119 proserpere

193 3134 290 3177 ornnes
304 3121 397 3169 decem
411 3119 534 3168 inunum
547 3119 637 3168 locum
651 3131 721 3169 oon·
762 3121 897 3185 possent,
930 3131 1033 3183 macno
1058 3119 1174 3182 pecoris
1200 3129 1291 3188 atque

192 3192 310 3242 duxisse
335 3189 454 3237 videtur.
489 3189 557 3238 Nam
576 3200 673 3239 ornnes
690 3189 721 3239 in
763 3188 906 3238 bominum
921 3198 1041 3237 numero
1055 3190 1220 3249 copto-in
1237 3194 1291 3245 de·

191 3263 247 3313 hoc
264 3260 412 3310 verborum
435 3260 565 3307 contextu
583 3259 645 3320 quis
663 3271 720 3308 non
763 3259 901 3309 ditionem
916 3256 1148 3322 uenire-coipit.

192 3342 246 3394 pro
264 3328 397 3379 feminino
417 3320 537 3376 babeat?
571 3329 718 3378 notamen
816 3325 841 3385 s.
860 3329 887 3375 6.
905 3337 1003 3389 rursus
1013 3325 1043 3374 in
1052 3327 1190 3392 Bituriges
1203 3341 1289 3380 exer·

190 3411 244 3464 pro
269 3396 424 3450 masculino
455 3395 586 3457 accipere
610 3396 718 3446 debebit
760 3394 843 3446 citum
861 3394 982 3456 reducit]
1001 3393 1031 3446 c.
1050 3396 1067 3447 5
1085 3397 1111 3457 s.
1130 3400 1144 3446 1
1165 3398 1289 3451 Vercin-

194 3471 243 3535 qui
263 3469 343 3518 Bruti
368 3465 556 3516 adolescentis
575 3468 605 3516 et
621 3466 719 3528 copia·
760 3466 870 3530 getorix
882 3464 1060 3530 inditurigca
1073 3468 1304 3521 exercituum-³

191 3552 254 3592 rum
272 3553 332 3590 cum
349 3550 381 3588 eo
396 3535 557 3585 relictarum
569 3547 624 3585 uon
637 3548 720 3597 pror·
763 3535 839 3585 xlssc
859 3534 948 3584 dictus
966 3537 1026 3586 est:
1044 3548 1118 3586 nuuc
1138 3551 1237 3588 rursus
1260 3540 1290 3590 id

191 3622 242 3661 sus
256 3606 439 3659 immemorem
452 3605 619 3666 scriptorem
630 3606 720 3654 tuisse
762 3604 831 3654 iacit
850 3604 1013 3666 faciensque
1031 3606 1139 3656 reducit
1156 3620 1219 3657 eum
1237 3621 1288 3663 eo-

191 3679 279 3728 volet.
309 3680 477 3738 Quamquam
490 3676 601 3725 etiamsi
613 3678 719 3725 certam
762 3675 841 3736 dem,
858 3674 929 3723 unde
946 3675 1108 3726 adduxerat.
1143 3677 1190 3727 sie
1205 3679 1288 3741 pleu-

191 3746 304 3812 geueris
318 3749 411 3796 uotam
423 3757 493 3808 prae
505 3759 536 3794 se
549 3746 647 3810 ferret,
665 3757 718 3793 ne·
761 3755 887 3794 nasmunn
912 3745 980 3792 baec
1005 3747 1091 3794 verba
1109 3747 1215 3795 nullum
1233 3751 1288 3800 lia·

191 3815 344 3882 gligentiue
361 3827 423 3864 eum
443 3815 493 3864 vix
513 3815 683 3864 absolveret.
762 3815 841 3878 beut,
860 3814 968 3876 qualem
981 3815 1083 3863 habere
1100 3820 1218 3877 possunt
1235 3817 1289 3871 illa

244 3895 327 3948 quam
344 3885 377 3933 de
394 3884 454 3934 eius
473 3884 594 3933 adventu
608 3885 718 3933 Arver—
761 3886 788 3948 6,
807 3887 824 3932 3
842 3882 868 3943 s.
888 3887 920 3932 3:
938 3894 1044 3934 rursus
1062 3884 1094 3934 in
1111 3883 1230 3936 hiberno
1242 3889 1289 3939 ie-

190 3951 237 4005 nis
254 3953 378 4004 nuntiari
391 3951 500 4019 posset]
520 3955 573 4003 llic
586 3952 719 4003 Caesaris
760 3953 860 4018 pianes
874 3951 1013 4010 reductu
1026 3953 1086 4019 xetsi
1103 3956 1138 4003 ab
1157 3954 1199 4003 liis
1215 3969 1288 4019 quo-

192 4020 337 4076 adoentns'
351 4024 500 4072 secundum
516 4025 719 4073 rerlraeocnrn
762 4036 816 4085 que
842 4021 953 4072 defendi
980 4020 1210 4085 interpretatione
1232 4039 1287 4090 pu-

191 4091 376 4158 perccnisset
392 4091 466 4141 alins
484 4089 575 4140 videri
592 4102 648 4141 uon
667 4103 721 4152 po·
763 4094 828 4144 test.
863 4089 906 4144 Gi.
926 4091 989 4142 adu.
1009 4092 1045 4145 od
1062 4088 1089 4157 4,
1110 4093 1124 4142 1
1142 4092 1170 4156 S.
1190 4093 1217 4146 5.

170 4210 173 4218 .
192 4165 249 4216 test
268 4161 323 4215 uisi
346 4160 388 4227 is,
421 4171 474 4225 quo
493 4161 528 4214 ad
545 4161 673 4226 legiones
689 4161 719 4213 in
