2700 4726
191 284 262 352 ³⁷2
471 283 544 351 lili
571 282 753 352 nullo
782 284 1032 355 usualdo
1136 346 1138 351 .

149 475 171 541 5
192 493 254 559 pos
277 472 506 559 appellabant.
558 475 654 541 Ante
675 474 736 540 bos
754 475 904 562 obliquis
922 472 1099 541 ordinibus
1123 474 1159 538 in
1180 473 1278 558 quiu—
1320 418 1329 432 i

189 580 325 625 concam
360 558 538 650 dispositis
560 562 714 671 ¹scroiiss
748 572 819 629 tros
856 566 892 630 in
923 561 1139 629 altitudinem
1173 562 1276 647 podas

221 762 275 816 pos
293 749 397 816 dictos,
424 752 489 804 nibil
508 752 630 817 equidem
647 754 738 805 nnio:
764 751 825 803 sine
841 753 941 804 mande
963 755 1054 804 umen
1071 750 1279 804 vacillationem

223 819 316 881 optimi
341 822 443 871 codicis
467 823 574 886 iudico,
597 821 645 885 qui
662 823 799 874 torrentii
817 822 947 874 antistitis
964 822 1036 885 luit,
1060 820 1088 871 in
1106 834 1160 884 qao
1181 833 1278 871 corre-

222 899 295 939 ctum
316 889 434 955 t'oppoc
467 887 624 957 incidebat,
649 894 766 955 scopos.
796 896 826 942 et
850 890 919 944 saud
936 891 1051 957 militum
1068 889 1190 941 lascivia
1209 893 1279 941 bunc

224 961 303 1008 velat
321 962 477 1011 Martialem
502 963 607 1012 bortum
631 961 724 1012 habuit
743 971 771 1010 et
787 963 928 1025 consevit,
952 962 981 1010 et
996 960 1104 1012 uomina
1120 960 1203 1009 etism
1221 960 1280 1009 inr-

222 1028 307 1079 tnssis
341 1031 389 1089 (ut
411 1042 473 1081 mox
497 1030 589 1088 Lito)
616 1024 636 1081 d
660 1045 691 1082 rs
715 1032 838 1081 bunensi
864 1029 989 1091 sumpsit.
1033 1028 1144 1094 Alioqui
1171 1028 1281 1080 cereos

108 1138 111 1143 .
222 1097 367 1164 licuisset,
398 1109 510 1163 recepto
536 1100 631 1150 verbo.
670 1100 725 1150 sed
750 1103 801 1151 boc
828 1101 858 1152 in
882 1103 993 1150 ventum
1015 1094 1168 1150 dixerim.“
1202 1098 1280 1158 lips.

223 1167 341 1216 Polior-c.
370 1181 395 1228 p.
418 1170 462 1220 72.
491 1170 629 1235 „coppos
653 1176 714 1221 erat
739 1181 758 1219 a
782 1180 864 1220 maun
888 1168 1070 1219 ememuice
1092 1169 1120 1217 iu
1143 1165 1281 1219 'l'orrentii

131 1252 140 1287 .·
222 1236 316 1286 codice
341 1238 547 1289 Lovaniensi.“
580 1238 649 1291 0od.
672 1250 803 1304 „conoe
821 1241 877 1289 bis.
896 1239 974 1291 dore.
997 1238 1075 1301 lips.
1097 1238 1142 1290 77.
1168 1250 1204 1286 m.
1223 1232 1279 1284 li“

128 1302 142 1317 ““
222 1304 324 1370 Faba,
349 1311 496 1359 secundnm
520 1309 591 1371 qnod
614 1319 720 1374 coppos
745 1309 772 1358 iu
795 1306 1039 1369 margioeoodicis
1055 1308 1127 1357 uov.
1146 1306 1279 1366 scripturn

223 1374 363 1425 invenisse
381 1375 491 1427 ridetur
509 1376 649 1427 lieinsios.
676 1378 770 1439 [lipsio
787 1379 886 1442 cippos
905 1376 1049 1429 offensioni
1066 1375 1154 1426 tuisse
1170 1378 1200 1425 et
1213 1387 1279 1424 sco-

221 1456 276 1510 pos
301 1443 431 1495 incidisse
449 1459 502 1497 nou
522 1446 620 1498 miror:
650 1448 738 1511 magis
756 1447 853 1497 mirum
876 1455 919 1496 est
934 1446 1074 1509 Herzoglo
1097 1447 1148 1496 boo
1165 1448 1279 1495 demon-

221 1513 338 1565 stranti:
364 1515 418 1565 das
435 1514 534 1568 uanae
555 1528 622 1582 msq
645 1517 737 1568 mem
762 1516 794 1566 in
817 1516 864 1568 dte
880 1516 964 1567 [troc
987 1515 1156 1582 qesteclttett
1177 1513 1278 1564 stocb-

220 1584 331 1635 liobteu
354 1583 520 1636 Kebrbeaen
543 1585 625 1637 uicit
647 1586 805 1638 ambnlicb
829 1585 1006 1653 competetet
1033 1584 1134 1636 setes
1173 1594 1227 1633 nou
1250 1583 1278 1633 in

222 1657 341 1707 mentem
358 1654 471 1702 venisse
489 1666 600 1716 scopos.

256 1721 283 1782 S.
299 1718 317 1772 5
333 1723 404 1772 Ante
419 1724 483 1782 bos]
500 1724 569 1777 And.
583 1723 634 1773 ox.
647 1719 697 1773 Cu.
711 1724 739 1772 S·
756 1722 831 1775 uelo.
849 1724 882 1775 A.
899 1723 974 1772 Hav.
987 1723 1021 1771 A.
1038 1721 1123 1771 Viud.
1136 1723 1169 1771 A.
1188 1720 1236 1771 Dr.
1245 1721 1278 1770 A.

131 1818 135 1823 ·
169 1814 173 1822 ·
224 1791 334 1852 (Gerr.)
351 1792 413 1845 Ait,
434 1805 493 1854 sqq.
518 1791 620 1857 quitos
643 1792 701 1842 Ort.
723 1791 798 1843 held.
821 1792 849 1840 lt.
875 1791 958 1854 Bong.
975 1789 1007 1840 Ο.
1033 1790 1114 1843 Vlod.
1131 1788 1189 1842 EF.
1216 1789 1298 1857 edd,

221 1862 287 1910 aute
301 1861 360 1914 Ald.
378 1857 427 1925 qui
445 1860 525 1911 Viud.
542 1863 575 1918 li.
595 1874 665 1926 quoa
682 1860 780 1923 reliqui
798 1860 866 1911 (iod.
886 1861 945 1910 Pet.
962 1859 1047 1910 Voss.
1060 1863 1093 1910 A.
1109 1861 1181 1911 lior.
1200 1858 1278 1922 agn.

224 1930 299 1979 (init.
316 1929 398 1979 Febr.
416 1929 475 1980 Pet.
496 1930 553 1981 l’al.
572 1929 657 1980 Gonu.
677 1930 736 1980 cod.
754 1931 832 1981 tarr.
850 1930 932 1988 Boua.
947 1932 981 1979 A.
998 1928 1040 1978 Pl.
1058 1929 1119 1980 Par.
1136 1928 1170 1978 A.
1191 1930 1279 1978 Hecu.

222 1998 272 2050 Dr.
287 1998 317 2047 li.
338 1998 418 2050 Vrat.
437 2000 493 2050 Au.
512 2000 593 2052 ooli.
610 2001 640 2049 li.
661 1999 759 2050 Hamb.
778 1999 860 2050 Vind.
879 1998 947 2050 lici.
966 1998 1019 2048 loo.
1042 2010 1097 2047 sec.
1115 1999 1176 2050 Elb.
1201 1996 1278 2048 Ante

222 2066 452 2131 praepositionem
473 2071 502 2119 ln
523 2069 621 2130 optimo
639 2068 733 2119 codice
751 2081 768 2119 a
786 2070 966 2131 praecedente
989 2067 1101 2129 syllaba
1119 2066 1278 2128 absorptam

223 2149 304 2203 esse,
328 2144 359 2187 ut
378 2140 455 2200 putet
470 2139 627 2206 Daelmius,
651 2149 707 2188 uon
722 2150 739 2188 a
757 2149 825 2189 vero
842 2139 988 2199 abborret3
1011 2138 1059 2186 sed
1075 2136 1193 2199 amplius
1210 2135 1278 2185 nilil

224 2206 252 2256 in
271 2219 304 2259 eo
321 2216 479 2269 corruptum
495 2211 524 2258 et
540 2209 610 2260 onte
636 2219 707 2271 poca
725 2219 742 2256 a
759 2206 882 2259 Caesare
906 2205 1038 2266 scriptam
1056 2218 1134 2268 esse,
1159 2213 1190 2254 ut
1208 2205 1278 2267 Nip-

111 2290 117 2315 ι
222 2275 350 2335 perdeius
376 2280 471 2341 putat,
496 2277 586 2327 miuus
607 2276 757 2326 verisimile
776 2284 835 2342 est,
860 2287 940 2338 quam
957 2275 1010 2325 boa
1034 2273 1195 2326 vinciendae
1213 2285 1278 2325 ora-

223 2342 305 2393 tionis
329 2355 417 2394 causa
440 2348 570 2395 mutatum
592 2357 656 2394 esse
680 2347 707 2394 in
732 2357 819 2411 qnos,
843 2345 982 2407 eidemque
1006 2343 1175 2408 imperitias,
1200 2342 1278 2393 cuius

223 2411 343 2475 vestigia
369 2412 398 2463 in
417 2415 465 2464 illo
485 2415 578 2465 codice
597 2427 653 2466 non
676 2414 799 2465 iterare
823 2416 902 2479 suut,
928 2414 1023 2464 deberi
1041 2413 1182 2478 obliquos,
1208 2413 1279 2477 quod

222 2492 272 2541 pro
289 2481 410 2545 obliquis
425 2477 526 2545 legitur
542 2485 572 2534 io
589 2484 674 2543 Bona.
687 2485 721 2531 A.
740 2484 826 2539 Voss.
844 2484 899 2533 Ali.
919 2482 980 2533 Pet.
997 2483 1048 2537 οι.
1065 2483 1145 2545 Egm.
1164 2481 1227 2533 Par.
1244 2480 1278 2531 A.

223 2544 303 2599 Vrat.
326 2551 358 2601 A.
378 2551 429 2599 Gn.
446 2553 532 2601 licen.
558 2551 605 2611 (ob
623 2551 744 2616 reliquis
764 2553 861 2602 babent
880 2553 930 2602 Dr.
947 2553 977 2606 li.
996 2551 1075 2613 uoti,
1094 2553 1126 2603 Β.
1151 2550 1185 2602 ab
1206 2551 1278 2602 relt-

223 2620 287 2683 quis
303 2618 363 2670 Pal.
386 2616 466 2669 vind.
484 2620 528 2670 el.
549 2621 582 2671 ob
600 2619 730 2685 reliquos
747 2620 818 2675 liulr.
832 2622 933 2680 Doro.)
951 2622 1024 2672 sicut
1041 2621 1140 2686 quibua
1157 2620 1186 2670 iu
1198 2620 1278 2685 qnin-

203 2701 275 2752 ‚qne
294 2688 492 2743 recentioribus
508 2691 543 2741 ad
563 2701 658 2741 veram
676 2686 807 2740 adleclivi
825 2692 988 2754 scriptoram
1006 2690 1105 2743 vitiose
1124 2700 1278 2743 accommo-

259 2764 269 2804 t
333 2757 362 2804 vi
462 2798 466 2807 ,

222 2759 316 2876 anticus
333 2757 547 2879 indiiiiiiidinem
564 2828 648 2888 pedes
667 2818 853 2888 fodiebantur]
872 2790 964 2879 iiiam
981 2827 1013 2877 io
1028 2829 1080 2880 ott.
1092 2828 1199 2889 pedum
1216 2828 1278 2894 rod.

222 2897 293 2946 And.
319 2895 370 2948 ox.
393 2895 443 2948 cu.
464 2896 493 2947 S.
518 2894 594 2947 held.
612 2894 645 2944 A.
669 2892 732 2946 Ald.
757 2908 816 2960 sqq.
841 2897 901 2964 sod.
928 2898 960 2949 in
983 2896 1280 2960 ‹titulamento›

188 3064 223 3117 ad
238 3077 351 3132 nomeu,
369 3066 440 3127 quod
454 3062 587 3130 sequitur,
602 3076 713 3115 socom·
809 3065 865 3128 §.5
880 3065 999 3128 obliquis
1009 3066 1150 3118 ordinibus
1161 3066 1189 3117 in
1202 3065 1281 3133 qnin-

188 3135 343 3200 modatum,
367 3147 464 3186 alumen
482 3136 570 3197 ipsum
595 3147 630 3182 ex
649 3136 714 3185 vul·
757 3150 870 3187 ceuceu
888 3135 1045 3200 dispositis]
1064 3136 1211 3202 cipporum
1230 3150 1279 3188 or-

188 3204 250 3267 gari
262 3215 385 3256 sermone
396 3207 506 3255 ductum
516 3203 624 3266 proprie
636 3206 714 3254 trun-
756 3207 834 3257 dines
852 3206 923 3257 recti
948 3213 1045 3257 erant:
1070 3207 1183 3256 scrobes
1207 3206 1278 3256 obli-

189 3287 252 3324 cum
276 3273 448 3334 significasse
475 3274 600 3335 videtur,
632 3277 658 3324 si
679 3286 715 3323 ex
757 3276 818 3337 quis
836 3275 925 3337 iisque
943 3273 971 3325 iu
989 3275 1165 3338 quincuncem
1183 3275 1278 3337 dispo·

189 3354 239 3406 eo,
267 3342 338 3405 quod
362 3343 440 3393 bodie
463 3339 530 3393 itali
553 3353 641 3405 coppo
662 3353 714 3391 vo·
759 3343 819 3393 sitis
842 3344 1025 3395 fodiebantur.
1062 3345 1170 3409 obliqui
1189 3353 1280 3400 autem

188 3420 270 3476 aaut,
288 3414 317 3462 et
333 3424 368 3461 ex
386 3412 492 3464 Graeco
510 3407 625 3479 κορμὸι.
643 3423 715 3474 quse
756 3413 867 3464 ordines
896 3414 924 3463 in
951 3413 1129 3475 quincuncem
1154 3412 1279 3477 dispositi

189 3481 327 3533 Glossarli
352 3481 542 3543 interpretatio
560 3487 621 3547 est,
646 3494 714 3532 coa·
758 3483 917 3535 necessario
935 3483 988 3535 duo
1005 3487 1085 3535 suot=

188 3553 322 3602 lecturam
337 3562 436 3611 capere
452 3552 525 3602 licet.
550 3552 630 3610 Apud
642 3550 714 3601 scri·
947 3570 971 3619 qq
1058 3569 1081 3620 ο

188 3628 282 3683 ptores
299 3621 348 3669 vel
363 3621 515 3670 columnam
530 3621 712 3685 sepulcralem
1006 3640 1027 3689 Β

190 3691 237 3739 vel
270 3689 415 3740 terminum
448 3688 476 3739 iu
497 3700 566 3753 agro
598 3689 713 3750 positam
949 3711 975 3758 A
1060 3709 1084 3758 D

187 3759 336 3821 siguificat.
372 3762 465 3821 Neque
485 3771 503 3809 a
520 3759 713 3820 sepulcralium
1237 3810 1243 3822 ,

190 3827 366 3878 similitudine
388 3829 569 3878 abhorrebant
592 3828 621 3877 lil
640 3828 712 3878 mili·
756 3811 804 3864 Ac
821 3821 849 3863 ‘i
865 3813 924 3865 ΒΕ·
952 3807 1079 3861 Plufiim
1095 3814 1183 3894 {¹¹¹⁰ss
1200 3825 1278 3892 ‘1⁰¹⁰ss

189 3906 266 3948 qm„
276 3895 366 3961 ,qm
384 3898 408 3947 ,q
419 3897 527 3959 ,qqpqm
538 3897 611 3947 quq„
623 3899 713 3958 mni,
757 3884 888 3964 concitus
901 3881 1028 3964 deinceps
1042 3889 1194 3934 coniunctis
1209 3890 1278 3933 recti

189 3968 288 4030 quales
311 3978 396 4028 supra
420 3966 536 4018 ostendi.
570 3968 640 4015 llam
667 3963 710 4014 illi
755 3954 864 4003 ⁰ld¹¹¹⁰⁸
882 3951 1005 4004 mitani
1023 3951 1100 4000 ‘¹⁶⁸²

189 4047 294 4101 quoquc
336 4047 354 4087 a
391 4048 494 4086 summo
534 4034 711 4099 angustiores
928 4038 952 4090 u
1004 4035 1027 4088 c
1079 4037 1106 4089 a

190 4110 289 4173 eraut,
306 4116 386 4170 qnam
405 4107 440 4154 ab
457 4104 557 4154 intimo.
593 4107 711 4159 Germa·
965 4108 987 4156 lt
1041 4105 1065 4156 li
1123 4145 1125 4150 ,

191 4177 253 4229 nice
270 4173 400 4228 verterim
417 4172 579 4243 &pitituitn
929 4178 955 4227 A
972 4177 1030 4231 ali
1081 4177 1108 4228 li
