2700 4726
39 314 42 318 ’
109 300 190 373 ‘⁵82
286 327 290 335 ·
381 297 455 366 DE
483 293 666 364 BELLO
699 290 946 364 oAuiico

124 488 228 568 rotis,
251 483 414 553 Aulercis
425 481 708 562 Brouuovioibus,
728 478 927 550 Blauuoviis
942 480 1035 548 milia
1048 477 1212 562 XXXV3

82 637 92 652 ,
124 596 238 666 parem
268 594 444 638 numerum
467 571 635 637 Arvernis
662 570 831 638 udiuuotis
860 569 1052 650 Eleutetis,
1081 566 1213 634 (iador-

126 665 197 743 ois,
228 660 390 742 Gabolis,
418 656 605 739 Velleius,
635 658 783 746 quieuit
811 660 953 748 imperio
975 660 1213 725 Arvernorum

161 855 240 905 uibus
258 851 380 903 ooutiues
398 849 517 901 Haeduis
534 849 608 901 ieoit.
638 851 674 902 ut
692 850 813 900 ooutiues
829 845 951 899 Haeduis
968 847 1058 899 fuisse
1076 845 1122 909 oui
1138 848 1214 897 Hse·

161 927 274 974 duorum
292 921 534 982 circumsessum,
554 931 603 969 eos
621 930 705 984 vero,
729 920 756 969 iu
775 930 843 982 quos
861 915 997 970 Antistius
1015 931 1039 968 o.
1057 918 1094 967 90
1111 916 1215 966 missus

161 994 277 1055 dicitur,
305 991 359 1041 iam
376 992 440 1039 aute
461 1003 478 1041 a
497 989 632 1051 scriptore
649 998 813 1040 memoratos
833 1002 911 1052 esse,
936 989 964 1036 et
986 989 1061 1048 ipsos
1085 985 1215 1036 tiuitimos

160 1063 333 1113 Haeduorum
350 1059 454 1120 fuisso,
479 1066 507 1108 et
525 1058 647 1109 codicum
665 1058 819 1119 scripturae
838 1061 951 1120 utroque
975 1058 1034 1108 iooo
1050 1054 1216 1117 discrepan-

161 1131 227 1182 tiam
243 1143 277 1178 ex
290 1128 474 1191 Stephauiaua
490 1136 579 1179 ortam
598 1139 660 1177 esse
676 1127 747 1177 satis
761 1126 937 1199 probabiliter
952 1124 1105 1175 coniecisse
1119 1125 1215 1175 Viser-

162 1208 208 1249 tus
226 1197 342 1248 uidetur.
371 1198 463 1258 Neque
481 1197 563 1246 uimis
580 1198 606 1246 ei
623 1196 797 1248 coniecturae
816 1197 926 1246 obstant
945 1192 1121 1244 Ambiuariti
1137 1201 1216 1244 trans

161 1271 266 1319 Hosam
287 1267 386 1330 Belgae
408 1263 443 1327 t,
469 1269 486 1316 9
511 1266 574 1327 §.3
598 1267 756 1327 memorati,
782 1265 828 1329 qui
852 1265 877 1314 si
900 1264 971 1315 forte
995 1260 1149 1324 homonymi
1174 1260 1217 1312 his

161 1338 333 1391 Haeduorum
357 1334 501 1385 clientibus
525 1344 622 1400 orant,
647 1334 772 1397 quamvis
796 1333 894 1397 exiguo
920 1332 1083 1394 penultimae
1106 1331 1216 1382 vuoaiis

163 1405 336 1468 discrimine,
361 1412 452 1452 tamen
476 1412 583 1453 cautum
605 1411 667 1452 erat
689 1415 723 1452 ue
750 1415 810 1453 oum
829 1403 871 1453 his
888 1401 1128 1452 contunderentur.
1162 1401 1218 1451 ted

163 1475 278 1536 gravius
296 1473 424 1536 estquod
443 1470 507 1521 uitii
526 1472 651 1537 impedit,
670 1473 828 1534 quominus
848 1473 961 1522 duorum
974 1469 1127 1533 nominum,
1145 1480 1217 1532 quae

51 1601 55 1605 ,
163 1544 271 1594 codices
288 1541 429 1601 exhibent,
453 1543 567 1591 aiterum
584 1539 731 1604 genuinum
756 1544 783 1590 et
800 1544 913 1602 utroque
933 1543 994 1591 ioco
1018 1547 1065 1591 aut
1081 1539 1217 1590 Ambiua-

164 1615 246 1663 retos
272 1613 320 1660 aut
343 1609 537 1661 Ambiuaretos
561 1621 579 1660 a
605 1607 727 1661 Caesare
752 1609 904 1663 nominatos
928 1621 991 1658 esse
1016 1617 1158 1673 putemus,
1188 1611 1217 1659 et

165 1683 236 1745 quod
254 1679 338 1728 tutius
358 1680 459 1742 semei,
476 1690 554 1741 quam
573 1675 614 1727 bis
635 1690 769 1739 peccasse
785 1677 912 1729 librarios
928 1677 1117 1729 iudicabimus.

199 1747 429 1805 Braunovioibus]
453 1734 675 1798 Bionnooioidus
697 1749 764 1799 Lov.
783 1746 877 1798 Heius.
897 1745 964 1796 ΒΜ).
982 1747 1062 1797 Febr.
1082 1754 1111 1796 et
1130 1748 1216 1810 Houg.

163 1819 197 1868 A.
217 1818 275 1876 (hio
293 1815 439 1866 Piiisoiikio
456 1818 542 1878 teste,
563 1824 593 1866 uo
610 1817 670 1866 Aio.
689 1829 716 1866 a·
735 1816 782 1868 Gr.
803 1830 828 1867 a.
847 1825 875 1866 eo
891 1815 963 1867 ailae
979 1818 1056 1880 edd,
1083 1819 1217 1866 commate

165 1887 294 1949 utrinque
308 1885 473 1946 appositum
491 1885 746 1938 Britonuooieidus
765 1886 869 1937 veui.
894 1883 1124 1938 Hroouonioibus
1140 1885 1218 1938 Vrat.

165 1958 196 2006 Β.
226 1954 465 2007 Braunouueiduo
490 1955 571 2005 Viud.
597 1955 626 2004 0.
658 1955 894 2006 Bruunouooibus
921 1957 1001 2018 Houg.
1023 1953 1055 2004 0.
1082 1955 1168 2005 Viud.
1193 1956 1215 2006 i.

164 2024 361 2077 brumuooots's
381 2024 469 2073 Haeo.

197 2106 371 2168 Biauuoviis]
395 2108 588 2173 „Hioonooiis
610 2109 657 2157 vel
682 2107 857 2160 Hlomuooiis
879 2108 955 2159 MSS·
980 2108 1014 2159 ¹0
1036 2107 1165 2160 meliores
1189 2117 1216 2159 et

162 2174 258 2230 Vrs.“
283 2177 451 2228 Blannouiio
468 2180 544 2242 Egm.
563 2179 597 2228 V.
616 2176 647 2230 c.
665 2179 731 2228 Vrs.
749 2179 811 2230 Not.
831 2179 891 2227 Pet.
911 2185 938 2226 et
954 2177 1012 2228 Psi.
1030 2177 1116 2230 cono.
1133 2181 1215 2243 Hoog.

164 2249 198 2297 A.
230 2247 293 2297 Per.
320 2247 353 2297 A.
383 2247 431 2296 Dr.
457 2248 485 2295 Β.
514 2244 772 2303 Vrat.Ac.t}oti1.
796 2248 827 2297 Β.
851 2246 933 2296 Viud.
952 2246 1031 2297 ΔΕΒ.
1063 2245 1215 2300 Βὶιιτῖουιῖε

163 2317 246 2366 Voss.
265 2319 299 2366 A.
321 2315 377 2365 Pet.
396 2315 478 2366 liuor.
505 2313 672 2368 Bionnonio’s
690 2314 761 2364 Hav.
780 2311 812 2364 A.
838 2315 986 2367 Blonooiie
1004 2317 1101 2367 Hamb.
1125 2319 1214 2370 Bion·

164 2382 263 2436 tioue'io
280 2381 363 2431 Viud.
384 2384 413 2431 Β.
438 2384 612 2436 Biantiom'is
631 2372 705 2433 dote.
725 2383 807 2434 osor.
828 2384 896 2434 Wh.
919 2384 1098 2436 Blonoioniis
1115 2386 1162 2438 Dr.
1181 2389 1213 2436 A.

165 2452 325 2505 Biantionie
343 2450 415 2503 Hott.
435 2454 501 2502 oud.
521 2453 603 2502 Voss.
620 2451 649 2501 C.
669 2451 746 2500 Leid.
765 2452 797 2502 c.
815 2451 896 2503 Vror.
914 2453 945 2501 Β.
964 2453 1017 2503 ioc.
1041 2454 1216 2506 Bloutiouiio

166 2520 218 2570 Gu.
243 2519 407 2571 Biennooiie
424 2520 508 2569 Viud.
527 2516 549 2569 1.
574 2520 741 2572 Biennouiio
758 2521 841 2583 Houg.
859 2517 889 2569 0.
914 2519 996 2573 Viud.
1016 2521 1046 2574 c.
1077 2523 1214 2576 oianimo-

163 2589 221 2638 uiis
241 2588 328 2637 Haeo.
359 2588 515 2637 dronuouio
538 2590 608 2638 ven.
628 2589 663 2637 oi.
695 2587 832 2640 brunonis
856 2589 927 2640 Veu.
947 2590 988 2639 de.
1018 2591 1215 2645 Baronuooiie

164 2658 244 2706 'turm
268 2654 444 2707 Brduoove‘is
462 2657 531 2707 Oud.
553 2670 613 2706 oum
637 2655 752 2720 reliquis
770 2660 845 2723 edd,
869 2671 903 2707 ex
928 2658 1025 2720 quious
1052 2661 1096 2711 lu.
1120 2669 1149 2713 et
1165 2663 1212 2714 Gr.

166 2726 314 2775 secuudum
330 2724 518 2789 ciacconium,
532 2725 583 2786 oui
601 2727 718 2776 aiterum
734 2739 768 2777 ex
785 2727 826 2777 isis
845 2727 984 2777 abundare
1002 2731 1149 2798 credebat,
1165 2735 1214 2784 iroo

167 2802 304 2856 tamquam
322 2794 484 2845 subditivum
500 2795 652 2844 iuoioduut.
686 2791 861 2863 Βραννουΐοισ
880 2799 945 2846 Met.

199 2879 350 2937 Hieuoeris]
381 2880 464 2943 Boug.
487 2881 520 2928 A.
552 2882 593 2931 Pi.
627 2882 690 2935 Par.
714 2883 748 2931 A.
781 2880 921 2932 elueterts
945 2880 1033 2936 Haeu.
1063 2883 1215 2936 Huieterie

164 2949 262 3000 Hamb.
280 2947 437 3008 detruderis
454 2949 537 2999 Viud.
550 2951 583 3000 H..
600 2952 640 3000 st.
655 2952 704 3001 αι’.
716 2951 741 2999 Ι).
759 2950 844 3000 Freii.
859 2948 920 2999 Aid.
933 2949 959 2999 b.
974 2951 1053 3002 i'orr.
1071 2953 1148 3015 Ltus.
1167 2956 1216 3006 καὶ

165 3016 223 3071 τοῖς
238 3012 402 3083 ‘Etruriam
418 3019 482 3067 Met.
510 3017 651 3070 delatoris
671 3014 750 3069 Viud.
770 3021 800 3069 H.
828 3018 972 3068 Eleutetis
994 3022 1101 3084 „tiss
1126 3023 1213 3085 pieri-

165 3083 245 3148 que“
269 3087 326 3136 Pet.
353 3088 434 3136 voss.
452 3083 484 3136 A.
512 3087 585 3140 Gott.
612 3090 687 3151 Hgm.
713 3087 816 3138 Pariso-
840 3100 897 3136 seo.
920 3089 1061 3141 Aeduiutr.
1080 3092 1161 3142 Vrat.
1180 3096 1214 3144 A.

164 3155 322 3221 Eleutetis,
344 3155 517 3218 noviomor,
541 3158 712 3219 antenore..
739 3156 898 3207 Hleucietio
915 3169 988 3209 corr.
1005 3159 1052 3208 Dr.
1072 3157 1106 3208 A.
1134 3164 1215 3214 cieo·

164 3225 234 3276 tetis
253 3225 332 3274 Vrat.
353 3225 382 3273 ii·
409 3223 574 3275 Eleuttecio
594 3226 640 3275 vei
658 3226 739 3276 -tis
757 3227 828 3275 Hau.
847 3227 879 3274 A.
897 3225 1059 3277 Hleuotetis
1078 3229 1162 3297 Hoog.
1180 3231 1213 3283 (i.

162 3291 245 3342 Viud.
264 3292 310 3341 ci.
340 3293 470 3344 elueticis
487 3293 568 3343 Viud.
589 3295 617 3343 Β.
645 3294 767 3344 elonooio
791 3293 844 3342 ino.
873 3292 1025 3346 deieotetis
1050 3297 1124 3353 (Pet.
1152 3303 1212 3351 Pal.

164 3360 265 3418 cuod.)
281 3363 328 3413 Dr.
349 3363 377 3414 Β.
403 3362 483 3411 Vrat.
503 3362 533 3411 G.
559 3363 638 3414 Goth.
654 3365 683 3419 Β.
702 3361 782 3416 Viud.
795 3363 853 3410 AD.
872 3365 932 3414 edd.
950 3367 1015 3414 aute
1030 3366 1070 3415 st.
1088 3366 1118 3420 P.
1139 3372 1214 3424 Mau.

161 3431 321 3483 Heluetetiu
339 3430 417 3481 beid.
432 3429 464 3479 A.
485 3431 653 3483 Hieotiaeera's
670 3427 711 3484 io.
730 3445 787 3496 sqq.
804 3429 884 3495 idque
897 3434 956 3483 siue
971 3437 1114 3504 commate,
1132 3441 1212 3502 quasi

162 3499 300 3562 epitheton
318 3500 354 3548 sit
371 3500 565 3552 cadurcorum.
600 3502 685 3550 Recte
704 3500 837 3564 improbat
854 3504 905 3551 huo
921 3503 1046 3556 Vkertus
1064 3519 1091 3567 p.
1111 3508 1166 3561 265
1182 3512 1211 3560 et

160 3568 299 3631 proprium
320 3570 412 3630 popuii
437 3580 533 3621 nomen
559 3568 719 3621 acassam
735 3569 852 3634 positum
870 3571 1035 3634 arbitratum
1059 3577 1133 3638 quod
1149 3591 1211 3631 oum

160 3635 256 3755 ‘manlii
273 3636 375 3689 oodiois
395 3637 533 3699 scripturo
551 3639 684 3702 praebere
702 3632 861 3701 uideretur,
886 3638 914 3689 io
931 3652 966 3691 ea
983 3644 1211 3706 acquiescendum

159 3718 194 3766 pu
228 3719 265 3755 v.

191 3789 344 3850 Veiiaviis]
361 3791 444 3853 Hoog.
457 3794 491 3840 A.
509 3789 550 3844 Pi.
570 3790 634 3840 Par.
649 3792 684 3848 A.
703 3790 789 3842 Haeu.
806 3793 882 3851 (Pet.
894 3802 921 3846 et
935 3795 996 3845 Pal.
1011 3795 1111 3858 couti.)
1130 3800 1208 3856 uoti.

157 3857 188 3906 Β.
207 3859 302 3910 Hamb.
321 3861 403 3912 Viud.
418 3862 450 3910 H.
468 3860 527 3908 edd.
545 3862 607 3909 aute
625 3861 664 3917 st,
681 3858 712 3910 Ρ.
731 3863 804 3914 Hau.
824 3863 901 3914 i'urr.
927 3865 1060 3944 Veiiadits
1077 3868 1160 3923 Viud.
1173 3872 1208 3923 A.

152 4034 156 4044 ⁸
176 4024 222 4089 qui
245 4025 295 4075 suo
320 4025 432 4088 imperio
456 4031 643 4080 Arvernorum
686 4040 742 4095 uuo
761 4029 1008 4098 minusperpeiuo
1022 4035 1072 4088 sud
1089 4037 1216 4090 iliorum·

122 4105 185 4144 esse
202 4099 383 4154 oousueruut]
401 4097 444 4155 ci.
463 4099 495 4162 1,
511 4099 545 4149 31
564 4096 590 4158 s.
607 4101 642 4151 7:
685 4101 1025 4163 (sequanorumiditione
1042 4108 1131 4173 atque
1152 4109 1207 4160 im·

119 4177 212 4232 neque
245 4167 436 4241 recusaturos
471 4167 641 4265 (Haeduos),
683 4169 767 4233 perio
792 4173 897 4224 esseut.
932 4173 966 4240 9,
988 4176 1023 4225 aa
1045 4175 1072 4237 s.
1094 4181 1127 4229 ιε
1159 4177 1206 4231 di·
