2700 4726
196 296 264 366 tao
445 290 517 359 nn
548 289 732 358 nunno
765 235 1013 358 cntnrco

199 484 305 551 circi
334 480 515 552 constituit
543 477 645 547 item.
694 476 771 544 Huc
792 497 907 550 omnes
930 475 1079 564 equites,
1113 470 1197 543 XV.
1216 476 1280 540 mi-

155 568 246 640 alta
266 593 422 652 numero,
449 562 803 661 celeriterlconvoniro
822 563 929 646 iubet.
975 560 1155 642 Peditatn,
1178 582 1278 649 qnam

265 747 292 798 ai
309 745 362 806 rei]
379 743 425 796 rai
442 743 470 798 ei
486 742 569 795 Vini.
584 741 617 794 0.
633 742 679 795 rei
697 743 756 794 eine
774 742 854 794 Goth.
874 742 907 790 Δ.

264 814 418 876 constitnit]
437 814 620 866 eoactitttant
637 813 695 865 Pal.
713 812 794 864 (ioth.
814 813 843 861 B.
862 811 921 861 edd.
940 815 1006 860 ante
1021 808 1092 859 veo.
1107 808 1129 857 i.

264 886 371 944 omnes]
397 882 490 949 oman
507 885 591 947 Bong.
609 882 640 935 0.
666 882 773 934 omneis
790 881 852 932 Alo.
869 891 898 932 a.
914 878 964 934 Gr.
982 890 1009 930 a.
1028 878 1106 931 anr.

264 951 383 1020 equites]
400 955 444 1006 tee
465 953 579 1004 vene.

263 1055 330 1106 xv.
347 1052 437 1121 muta]
462 1034 524 1107 fr
539 1053 623 1115 nong.
641 1045 675 1102 Α.
693 1050 735 1100 nt.
753 1049 800 1100 nr.
818 1051 851 1100 n.
869 1017 932 1100 fr}
946 1048 1008 1099 rar.
1026 1038 1056 1097 n.
1076 1014 1137 1100 ἱῖν
1151 1044 1233 1095 vrit.
1246 1043 1279 1114 ρ.

230 1126 295 1194 ᾗ
306 1139 391 1190 vinu.
409 1141 443 1189 A.
469 1136 557 1191 nrm
580 1137 629 1188 nr.
648 1137 679 1189 n.
703 1135 785 1187 vno.
804 1136 850 1188 ur.
875 1129 952 1187 xrv
967 1134 1050 1185 vrat.
1071 1136 1101 1183 n.
1129 1134 1191 1185 κν
1204 1130 1280 1181 aste

228 1211 289 1262 Pet.
308 1209 395 1261 conti.
412 1210 474 1260 Pur.
489 1212 522 1258 A.
541 1205 624 1261 vina.
640 1205 694 1254 ott.
712 1214 754 1267 et,
774 1204 853 1255 milia
864 1205 937 1255 inter
954 1216 1054 1254 versus
1071 1204 1172 1254 addito.
1189 1201 1278 1252 Voss.

229 1284 266 1333 Δ.
285 1279 369 1331 naor.
394 1276 556 1345 quindecim
580 1275 658 1325 Vrat.
678 1277 712 1324 Α.
737 1273 833 1325 uano.
859 1273 1022 1341 qaindecim
1043 1273 1125 1324 maia
1149 1273 1223 1322 ilar.
1243 1272 1278 1322 A.

230 1343 292 1400 Aru.
312 1360 338 1400 a.
355 1349 404 1399 tir.
422 1350 465 1400 ab.
484 1349 523 1398 st.
541 1346 574 1397 Ρ.
591 1346 665 1397 Man.
684 1344 768 1396 Freli.
793 1343 854 1393 XV
868 1344 979 1395 maium
996 1345 1125 1393 vossii.
1144 1340 1211 1392 XX
1224 1341 1281 1391 nti-
1328 1350 1333 1355 ·

192 1466 200 1505 -;
229 1448 270 1500 tta
293 1459 388 1512 margo
411 1447 491 1499 vrao.
514 1446 545 1494 n.
579 1456 599 1496 e
626 1454 662 1507 m.
689 1456 746 1493 sec.
778 1413 846 1496 x'}
868 1445 948 1496 coto.
972 1412 1003 1493 n.
1031 1440 1070 1498 ao
1088 1442 1147 1494 nu.
1172 1440 1282 1508 arpena

228 1533 311 1587 milia
329 1534 410 1585 Vini.
423 1534 457 1583 D.
473 1534 534 1582 edo.
548 1538 611 1581 ante
624 1527 696 1579 Ven.
711 1529 731 1580 t.
755 1515 868 1581 ..ΠΜ
881 1530 963 1583 Vini.
978 1527 1010 1580 C.
1037 1527 1142 1580 XL...
1155 1527 1280 1579 (iotae.

227 1602 354 1655 abscisso
369 1603 451 1653 etiam
469 1612 591 1652 numero
610 1599 750 1648 vocabulo.

263 1669 351 1738 iubet]
379 1684 430 1723 om.
450 1669 531 1720 vind.
551 1666 581 1718 C.
601 1666 687 1718 intet-
720 1668 858 1733 Diemqoe
878 1668 949 1720 tecto
970 1667 1141 1732 constituit,
1168 1662 1281 1730 equites

227 1753 267 1794 eo
284 1754 339 1792 cna
358 1739 480 1804 pecnnia
497 1740 532 1789 ut
549 1737 678 1805 tinnulos
696 1737 833 1790 denarios
850 1739 1013 1804 accipiant,
1033 1736 1205 1790 constitute:
1228 1734 1282 1785 loce

194 1896 287 1961 piacet
301 1895 465 1960 Nipperdeio
483 1892 606 1959 deniqne
623 1905 720 1944 vocem
754 1893 870 1946 discedo
886 1893 922 1946 ab
938 1894 1004 1958 illo,
1027 1896 1061 1947 ut
1078 1893 1128 1960 qni
1144 1904 1175 1944 aa
1190 1888 1283 1957 filiam

193 1965 263 2017 terri
296 1976 379 2029 posse
416 1964 527 2028 neganti
562 1971 720 2028 propterea,
754 1965 850 2030 Nepet
867 1964 1016 2019 daturam.

195 2035 266 2098 quod
291 2045 345 2085 nna
374 2047 419 2084 res
448 2036 532 2084 antea
564 2032 656 2095 posita
683 2031 720 2080 sit
806 2035 880 2094 fluo]
913 2032 945 2083 li
970 2041 1013 2083 est
1036 2043 1098 2081 enm
1124 2029 1153 2079 iu
1178 2030 1282 2094 locum,

194 2111 223 2153 et
248 2102 398 2167 eiusmodi,
430 2116 545 2167 quacum
571 2103 615 2163 io,
650 2101 719 2164 qnod
754 2114 806 2165 qno
824 2105 891 2153 haec
909 2109 974 2153 acta
992 2107 1070 2162 snnt;
1093 2110 1172 2162 quem
1189 2099 1283 2150 locum

193 2184 230 2224 ea
246 2183 316 2224 voce
340 2173 517 2238 adiungatur,
547 2171 719 2223 coniunctum
753 2172 841 2222 verba
863 2171 967 2222 taciens
986 2168 1189 2219 demonstrabat
1206 2169 1283 2218 Ver-

194 2240 241 2292 sit.
299 2244 400 2293 'samen
435 2255 469 2292 ea
504 2239 719 2305 significatione,
754 2239 920 2306 cingetorix,
939 2252 974 2289 ex
992 2237 1208 2289 cuiusoratione
1225 2236 1282 2287 inc

194 2321 249 2372 qna
279 2313 312 2376 2,
334 2314 370 2362 33
394 2309 421 2371 S.
444 2315 476 2376 2,
511 2311 611 2361 dictum
635 2306 719 2361 detti-
755 2310 907 2361 traductum
927 2312 972 2359 est
988 2309 1016 2359 in
1035 2308 1220 2358 narrationem
1240 2305 1284 2355 si-

194 2391 251 2442 que
274 2380 347 2430 haud
371 2377 450 2428 dubie
480 2391 541 2429 cnm
570 2379 617 2428 iiio
649 2380 721 2442 ioco,
754 2377 813 2430 miii
838 2378 951 2429 lieentia
977 2380 1058 2439 atque
1075 2373 1229 2436 Ambiorigi
1253 2372 1280 2440 ⁵,

194 2451 251 2498 tnm
268 2447 362 2497 multis
379 2447 442 2498 aliie
459 2447 506 2497 uni
520 2447 561 2499 rei
574 2450 657 2497 antea
668 2456 721 2510 po-
754 2447 791 2498 27
809 2446 836 2506 s.
854 2447 870 2497 ⁵
887 2447 915 2497 in
932 2447 1055 2497 oratione
1071 2444 1184 2507 obliqua
1200 2443 1282 2510 idem,

193 2517 267 2577 sitae
289 2515 373 2567 aliam
392 2515 530 2580 adiungit,
557 2528 645 2577 neque
668 2525 720 2576 ap·
755 2516 825 2578 quoti
848 2515 996 2579 legitimum
1027 2514 1056 2565 in
1085 2523 1163 2564 recta
1191 2515 1283 2564 locum

193 2592 291 2650 peret,
311 2598 362 2634 cur
379 2585 449 2649 quod
467 2585 605 2634 translata
620 2585 655 2633 ad
671 2595 720 2649 co-
754 2584 886 2648 habebat‚
918 2596 1064 2645 pronomen
1086 2582 1284 2634 demonstrati-

193 2652 352 2717 gitationem
366 2652 637 2717 significationeieri
650 2651 720 2701 tice·
754 2666 820 2703 vum
837 2652 983 2704 tribuitur:
1007 2653 1135 2703 omnious
1153 2650 1284 2703 hibernie

192 2723 254 2788 ret,
272 2721 299 2771 io
314 2734 367 2771 non
382 2724 516 2774 translata
528 2721 618 2774 minus
631 2721 719 2773 licue—
754 2723 889 2775 caesaris
898 2724 1096 2791 oppupoenciie
1109 2721 1205 2772 hunc
1219 2733 1282 2774 esee

193 2788 240 2842 rit.
280 2791 357 2850 Quod
380 2795 471 2840 antem
495 2804 530 2843 ea
554 2803 618 2858 res,
650 2802 719 2854 quae
753 2793 864 2844 dictum
888 2793 973 2844 diem.
1012 2791 1166 2854 Praepositi
1189 2799 1285 2843 numm

193 2857 318 2924 deniqne
348 2871 418 2909 uoce
450 2859 622 2926 adiungitur,
658 2873 719 2911 cnm
754 2859 878 2913 adverbii
895 2863 967 2912 ratio
985 2863 1193 2923 incarnetur,
1211 2863 1285 2924 quon

193 2935 258 2980 ante
276 2927 365 2989 posita
382 2928 526 2980 coniuncta
546 2933 605 2992 est,
624 2929 659 2980 ad
676 2932 719 2980 ei·
754 2931 892 2984 obsidibus
910 2931 1016 2995 quidem
1033 2931 1067 2982 ad
1086 2943 1116 2980 se
1142 2929 1284 2981 mittendis

192 2996 316 3067 lipticnm
333 2996 459 3048 adverbii
481 3012 561 3049 usum
578 3002 659 3062 piane
676 2994 721 3048 e'st
754 3010 861 3064 tempus
881 3005 985 3051 certum
1011 2998 1141 3050 definiens
1158 3001 1284 3049 Vercin-

193 3068 433 3119 accommodatum.
483 3069 613 3120 Pluribus
648 3068 719 3119 enim
755 3070 863 3136 getorix
887 3072 977 3122 locum
999 3069 1132 3120 incertum
1159 3068 1285 3130 relique-

192 3136 450 3201 Verciugetorigem
461 3136 532 3188 inter
543 3145 571 3188 et
580 3137 719 3205 civitates,
755 3149 815 3204 rat,
849 3140 984 3203 equitibus
1002 3152 1076 3189 ¹vero
1103 3138 1284 3188 conventuris

192 3206 292 3270 quibus
310 3198 421 3259 obsides
436 3206 611 3275 imperasset,
629 3208 662 3256 de
676 3207 720 3256 itis
754 3211 842 3260 locum
860 3209 985 3260 omnibus
1002 3210 1072 3258 huuc
1086 3207 1283 3272 constituebat,

191 3274 262 3338 ipsis
273 3284 362 3327 actum
374 3279 576 3341 extremumque
589 3278 639 3326 hoc
647 3276 721 3326 fnis-
754 3291 806 3342 qno
828 3279 887 3339 ipse
904 3285 960 3328 turn
980 3285 1149 3328 versaretur.
1185 3275 1284 3339 Itaque

192 3357 226 3396 se
250 3347 423 3397 statuendum
445 3353 507 3413 est,
529 3349 559 3395 ut
582 3345 642 3394 dies
660 3353 720 3396 tra·
753 3347 867 3409 tempori
896 3346 1041 3409 opponitur
1067 3348 1165 3408 locos,
1201 3345 1285 3408 quasi

192 3413 289 3465 iendis
325 3413 465 3466 obsidibus
498 3412 719 3466 constitueretur.
753 3414 916 3466 Germanice
929 3415 1007 3466 dicas
1023 3418 1104 3484 intret
1117 3412 1244 3480 tenuat
1257 3428 1284 3469 tt

191 3483 251 3534 Nec
270 3480 382 3550 mirum,
403 3484 429 3535 si
445 3483 580 3548 supplicio
599 3484 632 3534 de
650 3495 719 3534 non·
753 3483 828 3549 totio
851 3485 888 3539 bit
910 3486 973 3547 {itit
1009 3486 1059 3540 tte
1084 3485 1152 3550 Det!
1173 3494 1213 3537 too
1237 3483 1282 3550 titi)

192 3551 277 3604 nuliis
310 3554 418 3615 sumpto
450 3561 478 3602 et
500 3553 615 3604 caesari
644 3552 719 3619 aliis,
754 3556 801 3609 otte
819 3554 907 3608 netto
929 3555 1048 3623 intenuit
1067 3569 1097 3622 gu
1116 3553 1282 3618 oetiomtneto

193 3620 258 3673 aliie
270 3622 490 3688 Vercingetorigi
506 3622 560 3672 iam
575 3621 648 3672 datis
664 3633 719 3673 non
752 3623 854 3694 ipitttn,
872 3621 1002 3691 btptioitttt
1019 3639 1044 3679 tt
1064 3623 1141 3689 bition
1158 3622 1218 3691 ipitt.

193 3689 287 3741 statim
304 3704 338 3743 ea
356 3705 404 3742 res
421 3692 539 3757 transigi
556 3693 649 3754 potuit
673 3692 718 3743 cf.
805 3693 869 3745 XV.
895 3692 971 3744 mitia
995 3691 1117 3758 numero]
1141 3693 1202 3743 lice
1225 3700 1282 3742 non

193 3759 304 3817 Τοῖσι.
316 3763 403 3813 Andr.
422 3764 455 3824 1,
471 3764 486 3810 t
505 3775 533 3811 v.
548 3761 613 3811 120:
634 3761 718 3813 Venit
752 3761 793 3812 sic
810 3761 972 3825 simpliciter
985 3764 1019 3812 ab
1033 3767 1142 3812 oratore
1157 3773 1282 3823 pronun-

194 3827 330 3880 Otremee
345 3829 540 3893 postridiead
555 3844 600 3882 me
615 3832 717 3881 clami·
750 3831 864 3895 tioium,
893 3834 942 3881 set
965 3842 983 3880 a
1008 3832 1141 3894 scriptore
1164 3843 1206 3879 ex
1233 3827 1281 3892 iis,

193 3898 279 3949 tent:
309 3899 462 3965 indipoum
479 3901 610 3968 fumone:
638 3914 717 3952 com·
750 3913 821 3964 quae
839 3901 952 3951 adeum
971 3901 1190 3966 relataessent,
1218 3900 1280 3948 col-

193 3965 305 4030 perttee
327 3967 503 4030 Pamphilam
530 3970 591 4021 Pro
620 3982 717 4022 neore
751 3972 852 4022 lectum
871 3971 990 4022 videtur.

193 4033 299 4087 tabere
315 4034 389 4086 hanc
400 4038 595 4104 acrentinam.
613 4053 665 4106 epo
678 4040 717 4090 it-
804 4042 858 4112 §.2
874 4047 1048 4104 qnemantee
1059 4037 1204 4098 notuerat]
1220 4036 1299 4106 Boc,

192 4103 245 4155 hoel
268 4105 367 4156 aeduin
384 4106 503 4173 Nepote
520 4111 640 4174 factum.
669 4109 717 4160 iile
752 4109 858 4174 qnoque
872 4109 1083 4161 additamentum
1101 4110 1145 4157 est
1158 4107 1281 4168 scripto-

192 4172 286 4229 inetat
304 4176 425 4244 socium.
452 4177 574 4244 denique
589 4179 637 4232 ita
655 4180 718 4233 tum
752 4181 810 4247 ris,
843 4182 893 4231 sed
916 4191 966 4231 suo
989 4190 1109 4232 assensu
1134 4176 1179 4242 ii,
1210 4176 1284 4240 quod
