2700 4726
204 308 273 378 ⁵84
461 309 534 378 DE
571 306 751 377 sunto
780 304 1031 378 (induco

204 494 354 563 Turonis
377 503 412 561 et
435 494 580 563 Parisiis
603 505 639 563 et
656 494 845 583 Helvetiis3
876 497 1077 579 Ammonis,
1104 493 1289 562 Medioma-

270 685 400 748 saronis]
420 687 580 740 Terentius
596 686 646 739 cn.
662 686 688 738 A.
706 686 781 740 Leid.
796 690 850 739 Ali.
867 689 952 739 iieen.
972 689 1045 749 (Pet.
1061 689 1162 748 coni.)
1181 689 1254 737 ven.
1268 687 1291 737 t.

237 753 287 806 (ir.
306 758 348 807 ab.
371 759 456 810 Voss.
481 761 519 810 St.
546 759 663 819 (Ereti.)
685 761 763 808 'ture
791 752 912 824 Τοόρυσι
928 763 993 809 Met.
1030 758 1071 810 Gi.
1098 760 1160 809 adn.
1186 770 1228 807 cr.
1254 756 1289 806 sd

236 837 262 874 o.
280 822 298 875 4
315 824 341 883 S.
359 829 385 883 6·
410 829 570 888 (Terrenis
594 829 642 877 Dr.
661 830 696 877 A.
721 827 840 878 Teutonis
858 831 904 881 tir.
925 829 955 879 it.
986 827 1130 878 Therenie
1156 825 1237 879 Vini.
1254 826 1288 877 ii.

236 895 409 946 oonturonis
427 896 511 962 Bong.
525 897 557 950 (t.
576 897 659 948 vind.
676 894 724 950 cl.
742 886 788 960 qii
806 900 851 961 et,
872 899 942 962 quod
960 898 1115 964 praeeedit,
1137 908 1199 947 eum
1217 897 1290 946 Med.

161 1004 163 1011 .
234 975 261 1015 e.
282 959 348 1014 Ven.
366 966 455 1016 nodet.
474 968 522 1017 Gr.
542 979 566 1018 o.
587 968 663 1017 Ture.
680 964 830 1026 omittunt.)
935 986 936 995 ¹

272 1048 422 1111 Helvetiis]
443 1053 488 1103 lte
505 1052 578 1117 „voi
601 1051 724 1103 divetiie
736 1053 811 1102 MSS.
829 1046 953 1103 omnes.“
972 1051 1055 1102 Voss.
1069 1052 1104 1101 A.
1121 1051 1199 1112 Egon.
1213 1049 1289 1099 Gott.

234 1116 318 1172 eaor.
337 1120 420 1171 Gom.
436 1122 519 1184 Bong.
530 1122 563 1169 A.
581 1122 686 1185 PuefA.
704 1123 750 1173 Dr.
765 1117 1289 1173 e.vtat.1t.itann.vind.sicss1.

233 1187 312 1239 Bon.
331 1200 358 1238 e.
378 1192 439 1241 iter.
455 1192 518 1244 Ait.
536 1191 579 1240 ab.
600 1180 701 1245 tiri'ib
724 1191 764 1241 st.
785 1184 816 1236 P.
833 1193 905 1241 Men.
922 1189 1009 1240 tirell.
1040 1183 1194 1256 ‘Eisspeteu
1222 1190 1288 1238 Meo.

234 1257 379 1310 Hetneeie'e
395 1261 466 1312 flav.
482 1264 513 1311 A.
531 1259 605 1310 Gott.
622 1260 689 1313 Wii.
708 1259 756 1309 Dr.
774 1260 806 1307 A.
826 1258 906 1309 Vtet-
922 1257 979 1310 Ac.
997 1257 1078 1308 (ioth.
1094 1259 1123 1308 ii.
1151 1256 1290 1306 Helvitiis

235 1329 346 1377 veteres
365 1331 442 1382 oodd.
462 1341 518 1383 seo.
537 1330 675 1380 vossium.
704 1327 829 1379 discetis
845 1330 952 1379 Mede.
972 1329 1042 1379 ven.
1058 1326 1146 1377 bedei.
1172 1324 1288 1377 etuetiie

233 1395 321 1447 lieen,
348 1399 514 1452 Heleuteris
538 1400 598 1449 eod.
615 1399 707 1458 steph.
731 1399 772 1447 ed.
792 1397 869 1458 Lips.
900 1395 1070 1447 Eleutheris
1089 1397 1130 1448 in.
1149 1394 1199 1444 Gr·
1217 1397 1288 1445 Dav.

234 1464 276 1516 Gi.
300 1468 410 1518 Heteite
428 1468 517 1519 Puim.
535 1463 613 1534 „ist‘
632 1467 713 1517 Febr.
731 1468 808 1523 iuer.
828 1466 895 1518 oud.
913 1479 964 1518 om.
981 1465 1029 1516 cu.
1044 1467 1103 1516 Pet.
1117 1462 1201 1514 Febr.
1221 1465 1289 1514 liei-

233 1535 324 1585 vetios
350 1536 451 1587 iniuria
474 1540 524 1588 noo
547 1539 608 1586 loeo
624 1537 754 1597 expulsos
771 1546 834 1584 esse
859 1542 933 1586 reete
952 1534 1085 1585 iudicavit
1103 1532 1290 1596 Nipperdeins

233 1603 268 1652 de
287 1606 423 1666 reparatis
437 1617 531 1656 eornm
549 1605 656 1656 viribus
672 1604 742 1655 idem
759 1602 896 1667 sentiens,
915 1605 985 1670 qnod
999 1605 1100 1663 pridem
1114 1601 1203 1652 sensit
1217 1602 1289 1653 iiio·

232 1683 335 1722 neonus
352 1676 388 1725 ed
405 1673 508 1725 Lucani
525 1675 621 1723 Phars.
640 1673 673 1737 1,
690 1670 752 1725 tsi.
789 1675 847 1724 Neo
865 1673 924 1723 sine
948 1673 1055 1724 ratione
1074 1670 1189 1722 Helvios
1207 1675 1291 1735 neget

233 1751 326 1792 eornm
346 1744 373 1792 in
392 1745 479 1794 tonum
497 1741 628 1794 substitui
649 1745 793 1807 debuisse,
813 1741 910 1805 qnippe
928 1755 996 1804 quos
1014 1738 1064 1791 iilo
1081 1743 1203 1801 tempore
1221 1752 1290 1792 non-

232 1809 295 1861 dum
319 1812 504 1874 provinciales
529 1811 635 1877 inisse,
663 1814 693 1862 ut
715 1811 811 1863 statuit
828 1810 953 1862 Vkertus
972 1824 998 1871 p.
1017 1812 1087 1873 293,
1111 1817 1224 1872 propter
1242 1821 1287 1877 ee,

232 1891 303 1942 quoe
321 1895 407 1943 supra
425 1895 449 1932 o.
468 1880 732 1943 denariatam,
752 1879 839 1930 minus
858 1879 1009 1930 verisimile
1028 1879 1164 1929 videntur.

266 1948 420 2018 Ambianis]
438 1953 525 2003 tinen.
542 1950 700 2002 Senonibus
719 1950 802 2001 Vind.
821 1946 854 1997 A.
876 1948 1045 2013 Senonibus,
1068 1945 1214 1998 Amtionis
1232 1945 1289 1996 (in-

231 2015 372 2080 dendorpIi
394 2021 504 2072 codices
527 2019 663 2084 plerique,
690 2020 782 2081 ltepA.
807 2015 856 2068 Cn.
880 2019 939 2069 Pet.
958 2018 1041 2069 Voss.
1062 2017 1094 2068 A.
1115 2018 1192 2080 iigm-
1213 2012 1287 2066 θοή.

32 2061 42 2073 ”
133 2079 137 2087 ’
229 2085 301 2137 Lov.
319 2087 413 2141 Heins.
432 2088 492 2148 (hio
510 2088 719 2145 Senanoeitue)
736 2086 822 2139 cont.
840 2086 945 2137 Partes.
964 2099 1020 2136 seo.
1038 2085 1182 2136 Aeneintr.
1201 2085 1286 2148 Bong.

228 2149 263 2203 A.
282 2156 346 2209 Par.
364 2159 400 2211 A.
419 2160 489 2210 flav.
508 2162 542 2208 A.
567 2160 614 2208 Dr.
628 2154 661 2207 A.
684 2154 744 2216 (hie
761 2168 823 2206 eum
841 2156 923 2208 vind.
941 2159 972 2208 B.
997 2154 1184 2213 lenonibus)
1206 2148 1286 2206 Vnst.

227 2220 311 2276 ABG.
333 2228 412 2279 Goth.
431 2230 460 2278 ii.
485 2226 581 2279 Hanni.
606 2227 687 2283 Vind.
706 2224 800 2275 neci.
826 2225 867 2284 (isi
891 2227 943 2276 duo
968 2225 1135 2282 Antrones)
1160 2225 1240 2276 Rom.
1259 2234 1287 2277 a.

228 2292 290 2345 ner.
310 2297 372 2347 An.
392 2298 435 2354 an,
454 2298 484 2349 e.
501 2299 574 2348 nan.
599 2280 720 2349 asena
736 2293 818 2346 mitta
835 2292 980 2346 Aminnea
998 2292 1075 2346 nen.
1095 2295 1125 2347 n.
1143 2293 1193 2345 nr.
1211 2292 1246 2351 n,
1260 2301 1288 2342 ee

228 2373 300 2413 em.
318 2379 341 2415 s.
360 2376 454 2429 margo
477 2366 557 2418 Vret.
575 2364 605 2415 ii.
632 2362 672 2414 tis
689 2376 759 2416 sene
778 2362 877 2414 milite.
894 2362 1039 2414 Ambianos
1058 2362 1128 2414 ven.
1146 2363 1167 2412 t.
1192 2363 1246 2414 tir,
1259 2373 1285 2414 e.

228 2432 307 2485 Turi.
332 2433 373 2484 tis
391 2448 462 2485 eene
478 2434 568 2484 mittio
582 2432 758 2483 Senonibus:
774 2431 914 2483 enebienie
932 2433 1002 2483 nied.
1018 2444 1044 2483 o.
1061 2439 1089 2480 et
1107 2444 1168 2481 enm
1186 2438 1287 2494 pnnoto

226 2504 290 2562 post
313 2503 394 2553 mitio
420 2505 492 2553 Ven.
513 2504 586 2552 bede.
617 2501 665 2551 tite
689 2503 764 2567 dena
788 2500 883 2552 mittio
901 2499 1046 2552 ambianis
1070 2500 1153 2551 Vind.
1179 2502 1213 2551 Ρ.
1244 2499 1286 2550 tie

228 2569 305 2620 dena
327 2571 472 2622 Ambiunio
496 2571 556 2621 cod.
580 2571 670 2619 Sanni.
706 2569 905 2621 suessionibus
913 2594 928 2634 ,·
953 2569 1098 2620 Ambianis
1124 2570 1211 2622 Vesc.
1244 2571 1285 2619 st.

124 2674 129 2683 .
228 2637 345 2700 (Festi.)
367 2638 442 2702 Lips.
469 2639 510 2690 lu.
529 2638 577 2689 Gr..
597 2638 667 2688 Dav.
686 2637 729 2690 ct.
751 2639 821 2695 (ines
845 2640 963 2703 qunque
989 2639 1048 2687 sine
1069 2638 1287 2700 interpunctione

229 2711 293 2758 ente
312 2709 423 2767 Saces.)
449 2708 516 2759 0ud.
534 2711 561 2758 2.
596 2708 791 2774 lussovium,
813 2700 1061 2774 'Apeitvmssee
1089 2708 1287 2771 Suessonitoe,

227 2776 373 2829 Ausetanis
397 2778 465 2830 0ud.
485 2778 508 2826 1.
551 2775 617 2827 Cum
644 2777 767 2828 Senones
791 2785 839 2827 eut
867 2779 912 2826 itio
938 2775 1094 2842 Ambianis,
1126 2785 1175 2826 aut
1200 2788 1287 2840 snpra

229 2847 366 2908 Sequanis
386 2859 528 2909 perperam
550 2845 711 2896 coniunctos
736 2856 798 2894 esse
824 2857 941 2897 neeesse
959 2846 1014 2908 sit,
1042 2845 1084 2894 iiie
1105 2842 1197 2897 entem
1216 2859 1287 2896 unus

229 2915 316 2966 codex
332 2916 412 2979 isque
429 2918 514 2966 bonus
532 2926 582 2966 eos
599 2913 723 2978 omittet,
743 2926 827 2975 supro
845 2914 910 2966 iibri
929 2917 1035 2966 tentum
1054 2914 1082 2964 in
1101 2915 1180 2981 ineo,
1206 2927 1287 2978 quem

227 2982 264 3034 iis
277 2984 416 3051 tribuunt,
434 2983 614 3047 dissentiant,
635 2996 704 3046 quoe
721 2983 858 3035 dissensio
877 2986 913 3036 ibt
932 2986 968 3035 ob
981 2986 1189 3036 nomoeoaruton
1203 2983 1289 3034 tende

228 3053 348 3103 existere
372 3055 474 3119 potuit,
498 3055 541 3104 hio
566 3054 674 3119 potius,
702 3065 785 3115 qnam·
802 3065 886 3116 snpra
909 3054 938 3104 in
956 3053 1096 3104 eodieibns
1117 3061 1240 3104 erratum
1261 3055 1289 3104 et

228 3135 350 3173 errorem
369 3124 482 3176 deiende
501 3121 611 3186 potius,
637 3135 716 3185 qinein
736 3125 864 3188 metendo
888 3123 995 3173 nomine
1015 3123 1205 3184 corrigendum
1224 3135 1288 3172 esse

226 3192 380 3242 verisimile
397 3200 456 3256 est,
475 3194 506 3242 nt
523 3201 573 3239 sex
590 3191 696 3251 popuiis
713 3192 863 3244 maioribus
879 3193 1002 3244 duodeno
1019 3193 1184 3255 totidemque
1197 3192 1288 3242 mino-

227 3261 307 3313 ribus
324 3263 407 3324 quine
424 3263 501 3312 mitia
523 3259 657 3322 imperate
678 3275 740 3311 esse
759 3260 892 3313 dieantur.
929 3259 970 3310 Ae
988 3261 1150 3312 Suessiones
1168 3261 1290 3327 quidem,

227 3343 298 3395 qnos
318 3331 474 3383 Glareanus
499 3332 526 3379 h.
544 3331 571 3379 1..
589 3329 695 3392 positos
712 3342 731 3381 e
747 3330 868 3381 cessere
886 3329 1020 3395 coniecit,
1043 3330 1079 3382 nii
1097 3333 1149 3380 hoo
1167 3330 1285 3392 expedi-

193 3507 310 3565 pntnret.
346 3501 438 3563 ipsum
456 3501 547 3551 antem
563 3499 632 3550 iliud
650 3510 716 3561 quo·
760 3502 926 3551 autpertum
944 3499 1056 3550 omnino·
1069 3501 1176 3550 nulium
1199 3500 1288 3561 impe-

192 3572 272 3623 modo
292 3572 395 3621 iactum
415 3570 451 3620 sit
477 3581 612 3634 quaerens
630 3571 716 3621 lioto-
760 3578 822 3620 rare
835 3580 976 3627 nnmerum
990 3569 1077 3632 uagis
1091 3571 1287 3637 conveniebat,

192 3651 309 3691 mannos
334 3639 485 3690 verisimile
516 3652 579 3688 esse
609 3639 650 3689 eit
666 3638 716 3710 'eis
760 3650 840 3702 quom
858 3652 981 3700 possunt.
1021 3638 1154 3690 Fortasse
1171 3643 1286 3703 propius

191 3718 303 3770 propter
336 3709 496 3772 dignitatem
528 3707 717 3771 gratificatum.
761 3710 794 3758 ad
820 3722 916 3758 verum
937 3709 1107 3773 secedimus,
1132 3709 1157 3758 si
1180 3711 1237 3760 iem
1257 3711 1286 3760 in

193 3776 289 3839 ltaque
305 3789 367 3837 mox
385 3776 510 3840 subiungi
526 3788 560 3826 ne
574 3780 642 3829 huno
656 3777 716 3839 qni·
760 3777 875 3828 oonsilio
900 3777 1001 3840 eliquit
1020 3777 1122 3829 ieonum
1146 3776 1181 3828 de
1200 3779 1285 3844 bello,

193 3846 254 3895 dem
276 3860 414 3898 nnmerum
440 3847 566 3911 misisse,
592 3848 640 3896 sed
664 3849 717 3896 duo
760 3850 830 3910 quod
856 3857 905 3898 sno
934 3848 1040 3898 nomine
1064 3861 1126 3898 enm
1152 3847 1287 3899 nonanis

178 3917 296 3966 =tontnni
314 3916 397 3967 mitia.
440 3911 542 3967 Verum
560 3929 595 3965 ex
613 3928 715 3968 eonon
758 3918 863 3980 gesturi
894 3919 1009 3983 essent,
1034 3915 1148 3982 eiusque
1175 3919 1284 3968 ratione

192 3993 320 4049 quonium
339 3986 380 4034 eis
398 3985 496 4049 reliqui
515 3985 591 4037 tiaiii
612 3985 715 4036 tribue·
759 3987 851 4038 habite
879 3987 1006 4037 minorem
1034 3987 1076 4037 eis
1100 3988 1135 4037 od
1149 3988 1285 4038 tibereu-

191 4054 247 4105 rint
264 4053 420 4120 dignitatis,
444 4057 493 4107 sed
508 4063 637 4120 qnantum
660 4056 715 4117 ipsi
760 4059 822 4106 dam
835 4056 957 4108 Alesion
970 4068 1110 4110 nnmerum
1121 4058 1283 4122 impunem

190 4121 247 4174 sibi
270 4122 451 4187 sumpserint,
474 4124 592 4199 intelligi¹
614 4126 718 4187 potest3
761 4125 915 4178 statuimus.

192 4191 303 4249 innotis
320 4194 514 4251 adtendisse
529 4201 576 4246 ent
592 4205 718 4260 magnum
