2700 4726
377 302 484 375 LIB.
504 302 589 377 VII.
631 303 755 376 GAP.
777 304 824 376 68
1010 326 1022 339 ·
1076 304 1146 375 547

57 490 175 557 hostes
201 491 465 575 quantum1diei
489 498 623 580 tempus
651 500 706 560 est
730 513 885 583 passum,
915 491 1053 557 circiter
1077 492 1141 557 tri-

57 578 123 642 bus
149 577 287 644 milibus
322 580 469 645 hostiurn
498 602 539 646 ex
568 581 751 648 novissimo
787 581 918 666 agmine
951 580 1138 646 interiectis

58 668 168 730 altero
197 663 253 730 die
281 663 325 730 ad
352 668 508 734 Alesiam
541 675 654 734 castra
681 666 774 736 iecit.
823 667 1010 751 Perspecto
1040 665 1137 734 urbis
1158 674 1188 746 ὅ,

58 754 129 820 situ
145 754 422 841 <perterritisque
452 753 626 836 hostibus,
653 755 745 842 quod
772 756 944 844 equitatu,
972 775 1039 841 qua
1067 775 1139 822 rua·

90 958 234 1009 delendum
259 954 313 1021 sit,
342 954 461 1008 dubitari
486 958 595 1024 nequit:
624 959 693 1011 illud
720 959 836 1012 dubitari
862 960 967 1022 potest,
998 968 1086 1011 utrum
1111 960 1140 1012 lii

92 1026 209 1078 ablativi
227 1026 345 1076 absoluti
363 1039 422 1076 cum
441 1028 576 1088 prioribus
594 1030 721 1094 propius,
738 1042 816 1093 quam
834 1041 896 1078 cum
909 1029 1050 1096 singulari,
1068 1032 1139 1094 quod

92 1096 234 1160 sequitur,
250 1095 391 1156 participio
409 1097 600 1165 coniungendi,
617 1111 654 1149 an
670 1099 778 1161 priores
795 1110 849 1148 non
870 1099 1001 1162 ablativi,
1020 1100 1069 1148 sed
1086 1100 1138 1149 da-

91 1164 142 1215 tivi
161 1177 222 1214 esse
238 1164 351 1226 putandi
368 1163 438 1229 slat,
460 1180 529 1229 quos
546 1181 609 1218 esse
627 1181 675 1229 pro
693 1177 768 1219 certo
784 1168 859 1230 pouit
874 1165 1011 1228 Apitzius.
1047 1164 1137 1230 Atque

91 1236 161 1284 baec
185 1232 485 1305 dubitatiorimpedisse
502 1236 718 1299 Oudendorpiuru
736 1236 859 1302 videtur,
885 1250 937 1298 quo
953 1236 1042 1286 minus
1057 1237 1138 1286 iace·

91 1312 135 1353 ret
151 1303 220 1365 quod
239 1313 285 1363 per
303 1304 413 1352 codices
431 1302 493 1355 fieri
516 1317 597 1367 posse
618 1314 753 1357 censeret.
796 1307 848 1356 Sed
872 1307 1016 1355 verborum
1042 1304 1137 1369 dispo-
1174 1300 1177 1305 ’

91 1372 155 1423 sitio
174 1381 201 1419 et
217 1371 408 1422 concinnitatis
421 1373 495 1425 'ratio
512 1375 616 1438 pariter
633 1376 764 1437 suadent,
782 1377 812 1425 ot
826 1375 930 1426 caesar
945 1373 1138 1435 impedimenta

91 1440 240 1492 deduxisse
258 1452 342 1502 eoque
361 1442 452 1508 iacto,
475 1447 616 1506 postquam
636 1446 704 1494 duas
721 1445 762 1495 eis
779 1445 901 1506 legiones
918 1442 1052 1504 praesidio
1070 1444 1138 1494 reli-

90 1510 211 1573 quisset,
235 1522 295 1559 cum
321 1511 422 1560 ceteris
446 1520 509 1562 octo
533 1512 685 1576 legionibus
709 1515 820 1563 secutus
836 1525 900 1561 esse
918 1514 1011 1573 hostes
1032 1511 1137 1564 intelll-

93 1583 184 1642 gatar.
219 1577 269 1627 cui
287 1579 437 1631 sententiae
454 1585 515 1642 post
532 1582 663 1634 &duciis
682 1581 764 1632 incidi
781 1581 928 1633 orationem
946 1580 1085 1633 convenit.

123 1659 229 1728 hostes]
247 1657 298 1712 Cu.
317 1664 346 1712 et
364 1676 457 1730 margo
473 1665 531 1716 Pet.
550 1667 633 1720 Febr.
654 1668 738 1729 flung.
751 1668 786 1717 A.
803 1666 845 1715 Pl.
866 1666 939 1716 liar.
952 1668 986 1718 Α.
1005 1664 1087 1718 Vind.
1100 1664 1137 1714 l.

92 1731 219 1789 (basiem
237 1731 304 1781 oud.
322 1745 357 1782 ex
375 1734 424 1785 Cu.
439 1748 474 1785 ιιι.
493 1736 552 1786 Pet.
570 1737 653 1799 Boug.
667 1739 701 1788 Α.
718 1735 800 1797 atque
818 1746 855 1783 ex
871 1731 945 1784 [reid.
959 1737 993 1785 A.
1010 1735 1138 1784 reterens

91 1799 119 1852 in
140 1810 262 1851 extrema
279 1801 374 1850 littera
398 1815 509 1854 errasse
531 1803 664 1862 uidetur.)
699 1806 788 1865 Vulgo
812 1799 939 1853 omissum
956 1815 1053 1855 nonen
1070 1813 1165 1877 cop-4

90 1870 271 1921 sentientibus
293 1869 435 1934 utriusque
460 1873 568 1936 generis
593 1872 714 1923 codicum
745 1866 914 1932 principibus
941 1873 1137 1922 restituendum

89 1952 179 2002 neque
204 1951 271 1988 vero
296 1948 441 1999 propterea
468 1942 496 1990 in
520 1943 696 2003 sequentibus
719 1939 862 2006 bostium,
885 1939 964 1990 cuius
989 1944 1051 1991 loco
1074 1941 1136 1989 Pet.

91 2006 236 2072 nostibus,
253 2007 312 2061 Pul.
329 2008 447 2059 Vrec-c.
465 2009 546 2060 Goth.
565 2010 595 2058 li.
615 2010 696 2060 Vind-
711 2009 744 2063 D.
762 2009 824 2058 edd.
840 2017 904 2059 ante
922 2009 992 2059 Veu.
1006 2010 1027 2059 l’.
1046 2007 1138 2058 bomi-

88 2090 158 2127 num
176 2079 291 2140 babent,
309 2088 369 2125 cum
388 2078 461 2131 Hav.
478 2079 513 2127 A.
532 2077 614 2129 Vind.
633 2081 666 2129 Α.
685 2077 845 2126 eiiciendum
862 2077 966 2138 putavi.
1003 2072 1047 2132 ct.
1066 2077 1139 2140 ⁶2⁷

91 2147 119 2208 s.
140 2149 173 2194 δε
197 2145 339 2194 Labienus
365 2145 534 2197 boetium
560 2148 674 2212 coquito
691 2146 809 2196 canobio
830 2157 953 2208 speruus
970 2144 1138 2197 temeritate
1196 2177 1200 2185 ·

90 2226 192 2267 eorum
222 2216 289 2280 fare
313 2214 440 2278 aliquam
463 2215 616 2267 dimicandi
642 2217 814 2282 facultatem
839 2214 987 2278 praesidio
1013 2214 1139 2279 quiaque

89 2284 253 2335 cohortium
276 2285 487 2347 tarpeaimeutis
510 2285 614 2336 relicto
636 2297 701 2336 cum
721 2283 787 2334 XX
790 2287 821 2335 V.
839 2283 1003 2334 catonibus
1019 2294 1139 2349 maque-

90 2366 145 2418 que
167 2354 299 2414 equitatu
323 2356 428 2403 contra
459 2354 600 2406 bostem
627 2352 826 2420 proficiscitur
850 2355 880 2403 et
902 2354 979 2404 mitte
1000 2362 1140 2416 paruum

87 2423 256 2472 intermissa
272 2423 367 2483 spatia
381 2425 483 2474 castra
495 2424 660 2473 communit.
696 2423 776 2473 Erat
789 2422 869 2472 inter
881 2420 1036 2473 Labienum
1048 2423 1139 2485 atque

89 2491 132 2541 bo
140 2506 153 2541 o
162 2495 175 2541 t
183 2505 231 2541 em
246 2490 362 2556 difficili
378 2494 508 2543 transitu
518 2493 625 2559 flumen
637 2491 767 2555 ripisque
779 2492 965 2555 praeruptis:
981 2490 1035 2541 boc
1047 2501 1140 2555 neque

90 2562 151 2624 ipse
170 2561 302 2610 transire
319 2561 437 2612 iubebat
458 2562 488 2611 iu
505 2562 601 2613 auimo
618 2574 709 2624 neque
726 2559 854 2611 bootes
872 2560 1056 2614 transituros
1072 2557 1139 2611 eui·

93 2630 237 2681 elimabat.
273 2633 301 2677 et
318 2641 387 2691 quae
405 2632 439 2678 ad
456 2629 489 2694 t,
510 2632 544 2680 29
563 2631 589 2692 S.
610 2627 628 2680 t
645 2629 785 2692 adscripta
802 2631 873 2678 sunt.

128 2713 190 2774 53
215 2712 348 2775 equitatu]
378 2713 526 2778 equitatus
553 2727 650 2780 „uuus
673 2715 797 2776 alterque
820 2708 982 2763 recentior“
1007 2713 1092 2772 Bona.
1110 2711 1143 2764 G.

89 2785 141 2834 Dr.
160 2785 190 2832 B.
214 2783 296 2831 vind.
315 2784 371 2832 Dii.
394 2783 447 2832 inc.
466 2794 523 2833 sec.
543 2784 602 2839 itit.
627 2787 656 2832 et
672 2783 794 2845 reliquae
812 2782 871 2832 edd.
890 2785 955 2831 aute
974 2781 1036 2839 sid.
1054 2781 1140 2832 Vasc.

59 2900 62 2905 .
87 2854 129 2903 st.
150 2852 200 2903 Gr.
219 2852 244 2901 b.
263 2849 377 2915 (lircil.)
394 2851 555 2917 equitatum
570 2852 652 2904 Vrat.
668 2853 703 2902 A.
727 2849 898 2927 equitatibus
915 2849 997 2901 aeti.
1014 2853 1049 2902 A.

124 2949 191 3017 qua]
217 2952 274 3000 cod.
294 2945 389 3000 Vrsini
413 2949 634 3015 vetustissimus,
656 2951 738 3008 (ioth.
756 2953 789 3005 Α.
810 2952 872 3002 Ald.
891 2963 917 3002 a.
941 2960 1013 3000 corr.
1033 2956 1060 2998 et
1078 2960 1140 3016 sqq.

88 3021 229 3085 usquead
247 3020 315 3070 oud.
331 3022 356 3070 2.
380 3019 466 3087 siqua
482 3028 546 3072 aute
563 3021 636 3072 corr.
653 3022 717 3071 Ald.
737 3031 763 3072 a.
779 3031 832 3072 οιιι.
851 3021 898 3071 Dr.
913 3018 943 3070 B.
961 3030 1018 3084 quo
1037 3016 1143 3085 „ilisa

107 3208 171 3270 §.3
205 3205 413 3268 perterritisque
444 3203 579 3272 hostibus]
621 3207 693 3257 alter
715 3205 742 3255 lu
762 3205 842 3256 huius
864 3202 963 3267 capitis
981 3208 1140 3266 argumento

54 3277 106 3341 qui
129 3279 155 3326 si
172 3277 262 3326 minus
287 3275 426 3337 perterriti
448 3277 578 3339 tuissent,
621 3274 762 3325 indicando
780 3275 823 3323 liis
840 3275 935 3324 verbis
952 3284 1020 3323 usus
1036 3275 1093 3321 est:
1117 3271 1140 3320 il

54 3345 197 3399 obsidione
214 3346 351 3396 laboriosa
364 3345 537 3406 supersederi
551 3348 580 3395 et
622 3357 652 3393 se
666 3344 761 3394 decide
776 3338 795 3393 a
810 3342 924 3403 profiter
941 3343 974 3391 de
987 3340 1017 3390 la
1030 3347 1165 3393 terrear.
1215 3366 1217 3370 Α
1284 3358 1304 3399 g·

54 3413 119 3468 acie
150 3413 288 3465 decertari
320 3414 463 3475 potuisset.
509 3416 578 3465 Nam
620 3412 762 3475 imprimee
779 3408 798 3462 d
817 3408 942 3462 l’enoemi
958 3416 987 3460 et
1005 3403 1140 3459 aformal·
1260 3424 1278 3439 ²·

53 3489 128 3536 itanc
140 3486 229 3546 purius
246 3483 282 3533 ad
293 3481 424 3533 caesaris
436 3483 578 3535 consilium
620 3485 648 3534 le
662 3480 739 3546 siege
751 3484 785 3532 de
797 3484 828 3531 la
841 3481 918 3531 ville.
941 3479 1066 3530 (ictorum
1080 3477 1142 3526 sive

56 3564 148 3605 terror
173 3553 287 3602 bostium
306 3550 361 3600 vim
381 3553 509 3604 babuisse
532 3552 579 3601 vi·
620 3554 688 3602 baec
714 3552 775 3600 sive
805 3549 855 3599 illa
884 3560 971 3600 causa
998 3547 1142 3596 statuenda

54 3625 154 3687 detur,
178 3635 257 3683 quam
276 3631 346 3682 qaae
363 3630 381 3669 a
399 3620 531 3684 Lipperto
550 3627 579 3671 et
620 3628 680 3683 est,
703 3620 786 3670 aliam
809 3620 906 3668 babent
928 3617 956 3666 lii
977 3618 1059 3676 atque
1077 3626 1143 3676 pro-

56 3707 75 3743 a
89 3692 215 3742 Dribnero
233 3681 375 3752 propositio
389 3691 451 3755 est,
468 3700 580 3752 quoram
621 3690 694 3739 xime
712 3689 907 3750 praecedentes
925 3683 1039 3736 ablativi
1053 3684 1142 3747 sigui-

56 3764 130 3811 alter
169 3763 237 3810 daec
273 3758 433 3809 adnotavit:
475 3758 580 3809 Caesar
622 3758 794 3826 ficationem,
824 3761 907 3819 atque
936 3754 971 3804 ob
996 3754 1024 3802 id
1053 3753 1142 3814 ipsum

57 3831 168 3892 glaubte
185 3829 230 3878 die
247 3829 324 3876 stadt
338 3839 382 3877 ιιιιι
399 3839 430 3876 so
447 3827 581 3891 ungehiu-
610 3830 755 3891 lrysteron
780 3829 923 3891 proteron,
958 3823 1028 3884 quod
1055 3823 1090 3874 ad
1115 3825 1143 3889 t,

55 3902 151 3950 deuter
167 3898 372 3947 umwallenuu
387 3897 512 3960 kbuueu,
535 3897 578 3945 als
619 3895 653 3949 41
672 3895 702 3958 S.
718 3899 735 3946 ³
751 3895 863 3961 notavi,
881 3891 941 3944 lieri
955 3889 1049 3954 potuit.
1138 3910 1150 3933 e

56 3971 107 4016 der
124 3967 210 4017 Feiud
235 3966 262 4014 iu
281 3977 404 4029 grassem
423 3966 577 4014 Schrecken

57 4047 138 4096 war;
163 4038 247 4085 daher
270 4047 322 4084 nur
339 4034 486 4084 solrwaclte
503 4036 578 4085 Ver·
673 4031 796 4096 equitatu
810 4037 937 4083 -eraut
953 4027 1039 4096 pulsi]
1055 4029 1142 4079 Paulo

57 4107 143 4155 suche
161 4098 213 4154 zo'r
230 4104 440 4167 verbiuderuug
462 4105 511 4155 des
530 4104 579 4152 be·
620 4102 781 4154 insolentius
797 4105 848 4154 boc
864 4101 965 4151 dictum
982 4099 1023 4149 ita
1036 4096 1141 4150 intelli-

34 4173 329 4226 ,schlosseucuiiaues
344 4176 458 4227 macheu
468 4173 578 4227 wiirde.
621 4173 738 4238 μιιιιιιιιι
751 4171 812 4242 est,
828 4171 859 4224 ut
875 4169 900 4220 si
915 4171 992 4222 esset
1006 4179 1043 4222 eo
1053 4167 1142 4234 parte

105 4256 143 4311 ιι.
889 4237 935 4306 3³
