2700 4726
186 277 256 351 5116
330 214 333 219 ¹
457 273 530 343 DE
557 273 737 343 unito
768 273 1021 346 cancico

182 465 254 546 iat,
277 485 351 531 eam
372 461 510 529 iufamia
532 472 634 551 etque
656 462 842 548 indignitas
864 464 915 530 rei
931 475 967 530 et
980 462 1160 554 oppositus
1175 487 1272 533 mons

183 552 337 637 Cevenna
359 553 555 640 viarumque
578 553 765 619 difficultas
787 551 1004 643 impediebat,
1027 561 1098 618 tum
1118 555 1273 635 maxime,

192 746 310 807 .Steplr.
331 744 359 792 et
383 740 498 803 plurium
507 739 526 771 “
551 742 697 806 rescripsit
720 743 973 810 presumendum,
998 745 1068 806 quoi
1085 743 1115 794 lu
1133 745 1216 801 lione.
1237 748 1272 796 A.

216 815 258 865 Pl.
278 826 293 863 e
316 825 397 872 super
414 824 435 862 a
454 814 543 872 posite
567 815 595 862 et
607 810 674 863 'sine
692 816 861 863 correctione
880 816 980 877 legitur
998 815 1026 864 in
1045 815 1118 868 flav.
1140 817 1170 863 A.
1188 813 1271 866 Vina.

217 879 251 931 Α.
276 882 355 932 Goth.
376 886 408 935 Α.
433 881 528 930 Remi).
555 877 623 933 Ven.
647 882 684 934 ei.
707 882 747 931 lu.
773 884 822 933 Gr.
850 885 920 933 Dav.
946 883 987 936 ci.
1012 885 1171 950 secandam
1191 885 1275 934 liniet

217 953 304 1070 (14011,
324 951 479 1013 secandam
497 950 547 1000 Dr.
566 947 611 1017 3.,
627 952 785 1003 secandam
802 950 884 1002 Vinii.
904 954 935 1003 li.
971 953 1014 1004 ci.
1034 955 1096 1005 eiu.
1121 966 1164 1004 or.
1188 956 1225 1003 ad
1245 953 1273 1020 5,

251 1086 440 1154 existimabat]
461 1099 512 1138 om.
531 1088 606 1138 Gett.
627 1090 688 1155 „erl
706 1089 787 1138 finem
804 1085 932 1139 versos“
949 1091 1017 1143 Wir.
1036 1091 1065 1141 in
1079 1102 1119 1155 ¹m.
1137 1103 1186 1153 pro
1204 1105 1233 1141 v.
1254 1093 1274 1142 i.

216 1160 298 1212 hebet
315 1171 370 1206 sec.
391 1158 474 1206 lioor.
495 1157 699 1208 existimabant
716 1158 757 1211 (ii.
776 1158 889 1216 (cutim.
907 1159 955 1208 Dr.
973 1156 1020 1219 ii.)

252 1229 326 1286 cum]
354 1239 425 1277 cum·
447 1224 520 1292 quiid
548 1231 587 1278 st.
608 1228 696 1277 litium
714 1229 881 1277 recentiores
898 1227 1038 1293 nonnulli,
1064 1234 1095 1276 nt
1112 1228 1227 1278 ileltlius
1245 1236 1274 1278 et

217 1297 372 1360 wintine,
403 1309 566 1356 supremum
585 1296 700 1346 Divisio
718 1299 770 1355 noc
787 1296 842 1345 dici
860 1299 1004 1360 putantes,
1029 1293 1177 1347 Gaesarem
1196 1301 1227 1348 ut
1244 1298 1274 1348 in

216 1366 470 1429 provinciamiret,
488 1378 540 1415 uon
559 1367 710 1415 iaciendum
730 1366 921 1429 existimasse,
951 1366 999 1414 seri
1017 1377 1081 1416 cum
1100 1367 1274 1428 adsequens

216 1440 280 1488 tam
298 1435 468 1484 referendum
489 1447 552 1483 esse
568 1435 733 1496 sentientes,
760 1436 836 1499 qaod
854 1436 1067 1485 coniunctionem
1086 1435 1274 1502 inseruerunt,

217 1507 262 1556 cui
282 1507 344 1566 post
361 1517 426 1554 cara
444 1508 518 1552 cerie
537 1507 608 1564 epod
627 1502 774 1554 Caesarem
788 1505 867 1553 locus
880 1517 932 1555 uon
947 1505 1034 1568 magis
1049 1508 1103 1571 est,
1120 1517 1200 1570 quam
1213 1507 1274 1561 elii.

218 1575 263 1627 Cf.
281 1574 344 1624 adri.
363 1586 402 1621 cr.
425 1574 459 1622 ed
476 1573 502 1633 5,
521 1568 539 1621 4
558 1572 584 1632 S.
603 1576 629 1620 3.
884 1631 889 1639 l

252 1639 430 1707 impediebat]
448 1641 602 1705 impediret
619 1639 700 1690 Vino.
719 1640 751 1690 il.
769 1641 842 1706 (inp.
861 1640 924 1692 Per.
943 1637 992 1699 Α.)

183 1824 219 1837 -
234 1784 344 1848 riclrten
360 1799 458 1848 wciite
475 1799 707 1862 memoriensem,
750 1796 796 1847 cia
811 1778 982 1848 intriceseio
1001 1796 1093 1848 armis
1106 1778 1276 1848 notariae.

183 1868 234 1918 sed
248 1870 313 1917 (less
327 1881 359 1917 er
374 1868 480 1917 ricirteu
493 1870 607 1932 warde,
628 1868 706 1933 cuius
750 1868 789 1916 llo.
808 1866 852 1933 85,
870 1867 888 1917 8
904 1869 935 1915 in
953 1881 982 1916 se
1000 1869 1068 1916 aovi
1084 1867 1200 1932 pencris
1217 1867 1276 1917 tm-

182 1938 311 1987 diotionis
344 1937 439 1986 vitium
469 1940 617 1989 admouere
644 1951 706 1986 eum
748 1937 833 1998 peria
851 1936 998 1999 constitui,
1014 1939 1048 1986 ut
1065 1938 1140 1986 idem
1152 1936 1191 1986 ad
1204 1949 1277 1999 por-

183 2008 289 2057 erroris
304 2006 349 2055 sui
363 2009 705 2072 poterat3fleidiusvero,
749 2008 796 2056 tas
820 2005 939 2055 arianis
966 2006 1117 2068 praesidia
1139 2005 1225 2055 retus
1245 2006 1276 2056 et

179 2076 446 2140 quivertitgesetzt
461 2081 541 2142 euch,
561 2077 705 2126 erwoilte
749 2076 821 2126 duas
850 2074 1077 2125 bellicosissimas
1105 2075 1275 2137 provincias

104 2164 110 2181 ·
179 2144 405 2195 seineuMurscir
424 2150 496 2196 neclr
514 2149 563 2196 ‹ler
581 2146 704 2196 Provlnz
748 2142 935 2196 -ottineat
975 2145 1069 2207 Neque
1094 2156 1164 2194 vero
1182 2144 1275 2206 ipsum

178 2217 315 2278 weuaeu,
347 2228 381 2266 so
406 2217 532 2267 inridente
550 2217 597 2264 iim
616 2217 704 2265 deren
748 2225 782 2263 ec
808 2217 893 2262 totum
914 2215 993 2263 verbi
1013 2215 1148 2263 obiectum
1169 2216 1211 2263 liis
1231 2215 1274 2263 si-

177 2285 262 2335 tireils
288 2287 357 2348 ete,
381 2285 443 2335 sive
460 2287 515 2334 iter
535 2288 704 2334 couverteu-
746 2279 905 2346 guillemum
931 2283 1078 2332 statuimus
1102 2284 1159 2347 ite,
1191 2285 1222 2332 ut
1247 2282 1275 2334 si

178 2356 233 2403 tem
261 2351 412 2404 Gaesarem
444 2355 506 2403 sive
536 2357 705 2404 convertere
747 2352 880 2413 scriprtum
910 2361 985 2402 esset
1010 2353 1275 2419 informia-impe-

179 2423 318 2473 voientom
340 2425 427 2488 pouit,
446 2424 517 2474 ilem
536 2435 597 2472 eum
615 2428 642 2472 et
659 2425 704 2472 ie·
747 2421 851 2485 dietat,
867 2423 1143 2474 ut-conoerteret.
1170 2425 1258 2483 Quem

180 2502 247 2541 cere
271 2491 349 2552 pouit
372 2502 399 2541 er
423 2505 475 2553 quo
499 2494 589 2541 minus
607 2492 704 2554 iaciat,
749 2501 830 2552 quem
846 2503 881 2540 ue
898 2490 925 2540 id
942 2491 1049 2552 uiridem
1061 2492 1162 2541 ilonea
1175 2495 1274 2542 aucto-

180 2559 309 2622 impediri
328 2561 409 2624 dicii,
429 2563 478 2610 sed
495 2562 704 2624 repugnantiam
748 2561 833 2608 ritate
857 2561 1017 2610 destitutum
1037 2562 1082 2609 vel
1103 2573 1121 2611 e
1141 2561 1274 2611 caeseris

181 2631 285 2680 occulit
302 2642 350 2693 eo,
378 2632 450 2692 qriod
468 2644 516 2692 pro
535 2644 588 2680 uuo
609 2635 705 2692 verbo,
749 2627 856 2677 dicendi
873 2632 1072 2680 consuetudine
1091 2631 1180 2693 magis
1200 2631 1275 2681 elie-

180 2701 377 2757 0oaoertcret,
390 2702 500 2749 exiribet
513 2702 575 2762 diro,
592 2703 705 2755 tttooiite
748 2712 813 2747 num
831 2703 916 2760 esset,
936 2713 1017 2762 quem
1035 2701 1206 2764 immittebat
1225 2713 1274 2762 ne,

179 2769 289 2835 1111111111,
305 2773 419 2829 querum
434 2771 572 2821 actionum
588 2773 705 2819 aiteram
748 2771 797 2817 eorl
811 2781 866 2831 quo
878 2770 972 2819 rutinae
984 2771 1181 2820 converteret.
1202 2770 1275 2820 Nam

89 2850 92 2857 ¹
179 2835 705 2897 impediridicensriorrcoutrariodi·
747 2835 789 2887 itu
807 2838 905 2888 Cicero
932 2841 1001 2889 dixit
1019 2840 1072 2889 Pro
1089 2839 1191 2889 Roscio
1209 2841 1278 2888 Am.

179 2908 379 2958 cerevideiur.
412 2911 528 2959 Reiecta
544 2909 627 2970 igitur
642 2910 704 2968 hec,
748 2920 780 2957 c.
813 2905 846 2955 52
872 2908 913 2972 (S.
940 2909 1005 2968 151)
1028 2910 1070 2959 aii
1092 2908 1276 2974 prohibeant,

180 2987 236 3038 que
252 2978 279 3037 3,
299 2979 316 3025 9
335 2976 361 3037 S.
381 2976 397 3027 5
417 2982 446 3028 et
466 2981 525 3028 Civ.
545 2983 571 3040 3,
591 2978 624 3028 17
642 2973 705 3038 §.4
747 2975 875 3041 iudicer,
900 2979 935 3028 at
955 2979 1025 3043 ime,
1050 2979 1126 3044 quod
1145 2980 1276 3028 aratores
1302 2971 1310 2985 ⁴

179 3047 310 3094 utendum
341 3049 401 3112 est,
433 3051 467 3099 at
502 3047 703 3098 coniunctionis
746 3045 897 3101 comitiam
915 3048 1063 3110 'publicam
1092 3048 1195 3098 occari
1219 3061 1277 3097 vo-

178 3111 409 3176 iuterpretetioue
423 3119 458 3166 ea
472 3120 496 3167 ir.
510 3119 529 3168 l.
543 3118 703 3165 eiirioenms
746 3115 884 3177 luerunt,
915 3117 1093 3180 praesidium
1124 3112 1275 3168 secturam

179 3194 250 3256 eum,
268 3197 349 3246 quem
368 3187 463 3246 plures
478 3188 532 3236 loci
548 3187 704 3248 requirunt,
747 3184 942 3235 existimetur.
960 3188 1066 3237 Caesar
1079 3197 1146 3237 vcro
1160 3188 1276 3237 adver-

179 3256 328 3315 quibusat
346 3268 408 3304 cum
426 3255 703 3317 verbopositumrel
747 3255 809 3303 bum
844 3254 984 3316 iraaedr're
1018 3256 1123 3305 uullenr
1158 3250 1273 3306 omuino

179 3324 305 3373 subiecto
330 3326 377 3373 vel
403 3328 510 3376 obiecto
540 3326 582 3374 ite
607 3325 702 3373 decla·
745 3323 964 3374 coniunctionem
983 3325 1129 3390 adiribere,
1156 3327 1207 3375 secl
1224 3328 1275 3375 eut

150 3440 153 3445 ,
178 3390 265 3443 raudo
284 3393 420 3458 inservit,
447 3397 478 3444 ut
496 3395 524 3443 id
543 3396 604 3443 soie
624 3394 703 3457 cogi·
746 3393 873 3442 absolute
885 3394 912 3442 in
928 3408 1041 3457 pollere,
1058 3397 1106 3444 aut
1118 3406 1273 3456 cumprae-

178 3462 284 3512 tetione
302 3463 454 3527 contineri,
472 3465 521 3513 sed
541 3476 596 3513 uon
614 3465 703 3512 solum
746 3462 884 3523 positione
898 3465 937 3515 aci
956 3466 1001 3514 vel
1019 3465 1061 3530 ia,
1079 3469 1127 3515 eut
1144 3478 1206 3513 cum
1220 3476 1273 3513 ec-

178 3533 207 3580 et
219 3545 269 3594 per
288 3545 320 3581 se
338 3536 471 3583 constans
484 3533 602 3597 cogitari
615 3544 704 3593 eppe·
746 3532 873 3581 cusativo
902 3546 1041 3595 personae
1067 3537 1113 3583 vel
1141 3535 1183 3583 rei
1202 3546 1273 3584 con-

177 3604 247 3650 reet.
282 3602 329 3649 Sic
350 3605 384 3668 1,
413 3601 507 3661 4§.1
535 3604 704 3653 damaetam
745 3603 840 3651 cretae
853 3604 911 3667 vel,
925 3604 996 3664 quod
1008 3604 1090 3666 longe
1104 3605 1130 3653 ei
1142 3603 1275 3653 usitatis-

175 3668 299 3735 poenam
316 3672 397 3734 renai
414 3671 575 3735 oportebat,
592 3673 627 3721 at
642 3671 704 3736 ipat
746 3670 842 3720 simum
856 3683 907 3730 esc,
920 3673 963 3723 rei
972 3676 1131 3723 abstractae
1139 3675 1272 3723 constru-

177 3741 373 3790 cremaretur.
409 3741 448 3791 li.
470 3744 520 3797 13,
544 3744 643 3790 zoara
661 3740 701 3802 iai,
745 3753 794 3789 ere
811 3742 898 3791 solet:
922 3756 976 3807 qao
997 3744 1091 3792 minas
1110 3743 1171 3796 Air.
1190 3741 1234 3803 18,
1254 3746 1273 3792 2

179 3809 255 3872 qaod
272 3809 328 3871 ipsi
340 3810 436 3861 dietus
449 3811 524 3860 XX.
537 3810 703 3877 aegerrime
745 3812 773 3858 ct
790 3809 833 3872 35,
852 3805 871 3858 4
888 3814 917 3861 et
929 3813 1005 3873 llisp.
1024 3814 1069 3875 30,
1087 3811 1106 3862 4
1121 3811 1275 3863 adhibitum

176 3878 384 3943 confecerant,
412 3882 445 3930 at
465 3880 571 3944 ttamen
588 3879 704 3929 transi·
744 3880 856 3942 legitur.
908 3883 963 3930 Seri
996 3883 1144 3932 verborum
1179 3883 1274 3932 collo·

178 3949 261 4013 reat,
293 3947 374 3999 aiam
391 3962 448 3998 ano
466 3949 513 3999 die
530 3948 634 4014 fecisse
653 3948 700 3998 ia·
745 3949 881 3999 cetiouem
909 3953 937 4000 et
963 3962 1015 4016 ea,
1047 3962 1118 4013 quae
1144 3950 1273 4012 proxime

176 4018 356 4082 talispercnt.
393 4018 455 4068 Civ.
477 4019 509 4077 1,
528 4018 546 4068 7
564 4017 590 4078 S.
612 4023 701 4069 zno-
744 4023 916 4082 sequuntur,
941 4025 969 4069 ei
988 4020 1115 4082 inprimis
1132 4022 1226 4071 locum
1244 4023 1274 4086 1,

176 4099 244 4138 cam
268 4089 298 4138 ia
321 4099 355 4140 re
371 4087 484 4150 publica
500 4087 701 4138 introductam
745 4088 779 4141 13
793 4088 975 4150 respicientes
994 4093 1028 4140 ut
1045 4091 1194 4140 scribentis
1207 4091 1275 4141 eui·

176 4160 338 4223 cuempiam
354 4155 507 4226 queritur,
524 4160 558 4209 ut
573 4157 702 4210 tritant-
742 4170 789 4213 mo
799 4171 950 4223 pronomen
964 4160 1213 4213 demonstrativum
1225 4161 1275 4213 vei
