<?xml version="1.0" encoding="UTF-8"?>
<!DOCTYPE html PUBLIC "-//W3C//DTD XHTML 1.0 Transitional//EN"
    "http://www.w3.org/TR/xhtml1/DTD/xhtml1-transitional.dtd">
<html xmlns="http://www.w3.org/1999/xhtml" xml:lang="en" lang="en">
 <head>
  <title>
</title>
<meta http-equiv="Content-Type" content="text/html;charset=utf-8" />
  <meta name='ocr-system' content='tesseract 3.04.00' />
  <meta name='ocr-capabilities' content='ocr_page ocr_carea ocr_par ocr_line ocrx_word'/>
</head>
<body>
  <div class='ocr_page' id='page_1' title='image "./commentariidebe00schngoog_0291.png"; bbox 0 0 2700 4726; ppageno 0'>
   <div class='ocr_carea' id='block_1_1' title="bbox 156 210 995 375">
    <p class='ocr_par' dir='ltr' id='par_1_1' title="bbox 156 210 995 375">
     <span class='ocr_line' id='line_1_1' title="bbox 156 210 995 375; baseline -0.006 -34"><span class='ocrx_word' id='word_1_1' title='bbox 156 272 225 342; x_wconf 82' lang='lat' dir='ltr'>non</span> <span class='ocrx_word' id='word_1_2' title='bbox 433 266 507 337; x_wconf 84' lang='lat' dir='ltr'>nn</span> <span class='ocrx_word' id='word_1_3' title='bbox 533 266 715 375; x_wconf 75' lang='lat' dir='ltr'>nunno</span> <span class='ocrx_word' id='word_1_4' title='bbox 744 210 995 337; x_wconf 75' lang='lat' dir='ltr'>caturco</span> 
     </span>
    </p>
   </div>
   <div class='ocr_carea' id='block_1_2' title="bbox 60 455 1243 1159">
    <p class='ocr_par' dir='ltr' id='par_1_2' title="bbox 111 455 1243 983">
     <span class='ocr_line' id='line_1_2' title="bbox 111 455 1242 545; baseline 0.001 -23"><span class='ocrx_word' id='word_1_5' title='bbox 111 455 229 527; x_wconf 72' lang='lat' dir='ltr'>idalio</span> <span class='ocrx_word' id='word_1_6' title='bbox 252 456 440 527; x_wconf 83' lang='lat' dir='ltr'>conditione</span> <span class='ocrx_word' id='word_1_7' title='bbox 462 459 552 526; x_wconf 83' lang='lat' dir='ltr'>belia</span> <span class='ocrx_word' id='word_1_8' title='bbox 580 464 769 545; x_wconf 83' lang='lat' dir='ltr'>gesserunt.</span> <span class='ocrx_word' id='word_1_9' title='bbox 822 455 923 545; x_wconf 77' lang='lat' dir='ltr'>Quod</span> <span class='ocrx_word' id='word_1_10' title='bbox 956 457 987 523; x_wconf 88' lang='lat' dir='ltr'>si</span> <span class='ocrx_word' id='word_1_11' title='bbox 1010 477 1067 536; x_wconf 84' lang='lat' dir='ltr'>cn,</span> <span class='ocrx_word' id='word_1_12' title='bbox 1096 476 1185 543; x_wconf 86' lang='lat' dir='ltr'>qnae</span> <span class='ocrx_word' id='word_1_13' title='bbox 1206 455 1242 523; x_wconf 85' lang='lat' dir='ltr'>in</span> 
     </span>
     <span class='ocr_line' id='line_1_3' title="bbox 160 544 1242 634; baseline -0.004 -20"><span class='ocrx_word' id='word_1_14' title='bbox 160 544 353 634; x_wconf 75' lang='lat' dir='ltr'><strong>longinquis</strong></span> <span class='ocrx_word' id='word_1_15' title='bbox 373 547 563 614; x_wconf 85' lang='lat' dir='ltr'>nationibus</span> <span class='ocrx_word' id='word_1_16' title='bbox 584 553 764 633; x_wconf 83' lang='lat' dir='ltr'>geruntur,</span> <span class='ocrx_word' id='word_1_17' title='bbox 784 545 966 630; x_wconf 80' lang='lat' dir='ltr'>ignoratis,</span> <span class='ocrx_word' id='word_1_18' title='bbox 987 546 1148 630; x_wconf 84' lang='lat' dir='ltr'>respicite</span> <span class='ocrx_word' id='word_1_19' title='bbox 1166 544 1242 610; x_wconf 84' lang='lat' dir='ltr'>fini·</span> 
     </span>
     <span class='ocr_line' id='line_1_4' title="bbox 160 632 1242 722; baseline -0.005 -21"><span class='ocrx_word' id='word_1_20' title='bbox 160 635 277 705; x_wconf 79' lang='lat' dir='ltr'>niman</span> <span class='ocrx_word' id='word_1_21' title='bbox 305 632 468 715; x_wconf 80' lang='lat' dir='ltr'>Galliam,</span> <span class='ocrx_word' id='word_1_22' title='bbox 503 656 591 722; x_wconf 86' lang='lat' dir='ltr'>queo</span> <span class='ocrx_word' id='word_1_23' title='bbox 627 635 661 699; x_wconf 84' lang='lat' dir='ltr'>in</span> <span class='ocrx_word' id='word_1_24' title='bbox 694 633 897 722; x_wconf 82' lang='lat' dir='ltr'>provinciam</span> <span class='ocrx_word' id='word_1_25' title='bbox 935 632 1070 697; x_wconf 80' lang='lat' dir='ltr'>reducta</span> <span class='ocrx_word' id='word_1_26' title='bbox 1102 634 1178 697; x_wconf 86' lang='lat' dir='ltr'>inre</span> <span class='ocrx_word' id='word_1_27' title='bbox 1207 639 1242 698; x_wconf 89' lang='lat' dir='ltr'>et</span> 
     </span>
     <span class='ocr_line' id='line_1_5' title="bbox 160 720 1242 809; baseline -0.005 -19"><span class='ocrx_word' id='word_1_28' title='bbox 160 722 295 809; x_wconf 76' lang='lat' dir='ltr'>legibus</span> <span class='ocrx_word' id='word_1_29' title='bbox 315 724 528 789; x_wconf 82' lang='lat' dir='ltr'>commutatis</span> <span class='ocrx_word' id='word_1_30' title='bbox 550 721 725 787; x_wconf 76' lang='lat' dir='ltr'><strong>securibus</strong></span> <span class='ocrx_word' id='word_1_31' title='bbox 749 721 900 786; x_wconf 85' lang='lat' dir='ltr'>subiecta</span> <span class='ocrx_word' id='word_1_32' title='bbox 928 727 1091 809; x_wconf 85' lang='lat' dir='ltr'>perpetue</span> <span class='ocrx_word' id='word_1_33' title='bbox 1116 720 1242 808; x_wconf 83' lang='lat' dir='ltr'>premi-</span> 
     </span>
     <span class='ocr_line' id='line_1_6' title="bbox 160 807 1243 888; baseline -0.007 -6"><span class='ocrx_word' id='word_1_34' title='bbox 160 811 425 882; x_wconf 69' lang='lat' dir='ltr'>impenitate.</span> <span class='ocrx_word' id='word_1_35' title='bbox 503 809 559 877; x_wconf 77' lang='lat'>⁷8.</span> <span class='ocrx_word' id='word_1_36' title='bbox 592 807 776 876; x_wconf 72' lang='lat' dir='ltr'>Sententiis</span> <span class='ocrx_word' id='word_1_37' title='bbox 804 807 905 874; x_wconf 83' lang='lat' dir='ltr'>dictis</span> <span class='ocrx_word' id='word_1_38' title='bbox 933 807 1163 888; x_wconf 88' lang='lat' dir='ltr'>constituunt,</span> <span class='ocrx_word' id='word_1_39' title='bbox 1204 815 1243 874; x_wconf 84' lang='lat' dir='ltr'>ut</span> 
     </span>
     <span class='ocr_line' id='line_1_7' title="bbox 160 894 1242 983; baseline -0.006 -18"><span class='ocrx_word' id='word_1_40' title='bbox 160 896 218 981; x_wconf 87' lang='lat' dir='ltr'>bi,</span> <span class='ocrx_word' id='word_1_41' title='bbox 247 898 307 983; x_wconf 87' lang='lat' dir='ltr'>qui</span> <span class='ocrx_word' id='word_1_42' title='bbox 333 895 525 964; x_wconf 85' lang='lat' dir='ltr'>valetudine</span> <span class='ocrx_word' id='word_1_43' title='bbox 554 905 613 962; x_wconf 84' lang='lat' dir='ltr'>aut</span> <span class='ocrx_word' id='word_1_44' title='bbox 633 904 742 962; x_wconf 82' lang='lat' dir='ltr'>aetate</span> <span class='ocrx_word' id='word_1_45' title='bbox 769 897 908 962; x_wconf 87' lang='lat' dir='ltr'>inutiles</span> <span class='ocrx_word' id='word_1_46' title='bbox 937 902 1018 962; x_wconf 86' lang='lat' dir='ltr'>sunt</span> <span class='ocrx_word' id='word_1_47' title='bbox 1040 894 1148 977; x_wconf 87' lang='lat' dir='ltr'>bello,</span> <span class='ocrx_word' id='word_1_48' title='bbox 1183 917 1242 982; x_wconf 90' lang='lat' dir='ltr'>op-</span> 
     </span>
    </p>

    <p class='ocr_par' dir='ltr' id='par_1_3' title="bbox 60 983 1241 1159">
     <span class='ocr_line' id='line_1_8' title="bbox 60 983 1241 1159; baseline 0 -23"><span class='ocrx_word' id='word_1_49' title='bbox 60 1026 68 1039; x_wconf 55' lang='lat'><em>*</em></span> <span class='ocrx_word' id='word_1_50' title='bbox 108 984 435 1159; x_wconf 56' lang='lat' dir='ltr'>distiti</span> <span class='ocrx_word' id='word_1_51' title='bbox 443 983 1241 1158; x_wconf 62' lang='lat' dir='ltr'>’.ttllitlifflitiilt..t-‘liiiAbiit</span> 
     </span>
    </p>
   </div>
   <div class='ocr_carea' id='block_1_3' title="bbox 85 1260 1243 2431">
    <p class='ocr_par' dir='ltr' id='par_1_4' title="bbox 85 1260 1243 2431">
     <span class='ocr_line' id='line_1_9' title="bbox 192 1260 1242 1316; baseline -0.003 -1"><span class='ocrx_word' id='word_1_52' title='bbox 192 1263 240 1316; x_wconf 83' lang='lat' dir='ltr'>Dr·</span> <span class='ocrx_word' id='word_1_53' title='bbox 259 1264 315 1315; x_wconf 81' lang='lat' dir='ltr'>Ab.</span> <span class='ocrx_word' id='word_1_54' title='bbox 333 1263 413 1314; x_wconf 88' lang='lat' dir='ltr'>Vrat.</span> <span class='ocrx_word' id='word_1_55' title='bbox 430 1263 507 1315; x_wconf 83' lang='lat' dir='ltr'>ABG.</span> <span class='ocrx_word' id='word_1_56' title='bbox 530 1264 609 1315; x_wconf 74' lang='lat' dir='ltr'>lictb.</span> <span class='ocrx_word' id='word_1_57' title='bbox 630 1265 658 1312; x_wconf 85' lang='grc' dir='ltr'>Β.</span> <span class='ocrx_word' id='word_1_58' title='bbox 677 1263 773 1312; x_wconf 86' lang='lat' dir='ltr'>liamb.</span> <span class='ocrx_word' id='word_1_59' title='bbox 792 1262 844 1312; x_wconf 75' lang='lat' dir='ltr'>tiu.</span> <span class='ocrx_word' id='word_1_60' title='bbox 862 1260 943 1310; x_wconf 82' lang='lat' dir='ltr'>vind.</span> <span class='ocrx_word' id='word_1_61' title='bbox 959 1260 1081 1311; x_wconf 78' lang='lat' dir='ltr'>liciillii.</span> <span class='ocrx_word' id='word_1_62' title='bbox 1099 1263 1160 1311; x_wconf 88' lang='lat' dir='ltr'>edd.</span> <span class='ocrx_word' id='word_1_63' title='bbox 1178 1270 1242 1312; x_wconf 84' lang='lat' dir='ltr'>ente</span> 
     </span>
     <span class='ocr_line' id='line_1_10' title="bbox 194 1329 1241 1398; baseline -0.003 -15"><span class='ocrx_word' id='word_1_64' title='bbox 194 1333 258 1383; x_wconf 85' lang='lat' dir='ltr'>Aid.</span> <span class='ocrx_word' id='word_1_65' title='bbox 281 1346 419 1397; x_wconf 82' lang='lat' dir='ltr'>nmquam</span> <span class='ocrx_word' id='word_1_66' title='bbox 436 1341 546 1395; x_wconf 84' lang='lat' dir='ltr'>praeter</span> <span class='ocrx_word' id='word_1_67' title='bbox 564 1345 628 1398; x_wconf 86' lang='lat' dir='ltr'>cos,</span> <span class='ocrx_word' id='word_1_68' title='bbox 646 1343 712 1392; x_wconf 88' lang='lat' dir='ltr'>quos</span> <span class='ocrx_word' id='word_1_69' title='bbox 730 1331 848 1382; x_wconf 75' lang='lat' dir='ltr'>prominet</span> <span class='ocrx_word' id='word_1_70' title='bbox 867 1329 952 1395; x_wconf 91' lang='lat' dir='ltr'>0ud.,</span> <span class='ocrx_word' id='word_1_71' title='bbox 974 1331 1056 1379; x_wconf 91' lang='lat' dir='ltr'>Vind.</span> <span class='ocrx_word' id='word_1_72' title='bbox 1074 1333 1107 1384; x_wconf 90' lang='lat' dir='ltr'>A.</span> <span class='ocrx_word' id='word_1_73' title='bbox 1125 1333 1154 1380; x_wconf 84' lang='lat' dir='ltr'>et</span> <span class='ocrx_word' id='word_1_74' title='bbox 1171 1332 1241 1383; x_wconf 76' lang='lat' dir='ltr'>iias.</span> 
     </span>
     <span class='ocr_line' id='line_1_11' title="bbox 194 1400 1242 1466; baseline -0.001 -13"><span class='ocrx_word' id='word_1_75' title='bbox 194 1404 229 1453; x_wconf 82' lang='lat' dir='ltr'>A.</span> <span class='ocrx_word' id='word_1_76' title='bbox 248 1409 330 1465; x_wconf 88' lang='lat' dir='ltr'>atque</span> <span class='ocrx_word' id='word_1_77' title='bbox 348 1404 410 1453; x_wconf 91' lang='lat' dir='ltr'>Ald.</span> <span class='ocrx_word' id='word_1_78' title='bbox 429 1405 457 1451; x_wconf 88' lang='lat' dir='ltr'>et</span> <span class='ocrx_word' id='word_1_79' title='bbox 474 1415 532 1466; x_wconf 87' lang='lat' dir='ltr'>sqq.</span> <span class='ocrx_word' id='word_1_80' title='bbox 548 1404 617 1460; x_wconf 84' lang='lat' dir='ltr'>(bae</span> <span class='ocrx_word' id='word_1_81' title='bbox 637 1402 775 1463; x_wconf 87' lang='lat' dir='ltr'>usquead</span> <span class='ocrx_word' id='word_1_82' title='bbox 794 1401 855 1451; x_wconf 90' lang='lat' dir='ltr'>Ald.</span> <span class='ocrx_word' id='word_1_83' title='bbox 874 1401 899 1449; x_wconf 92' lang='lat' dir='ltr'>b.</span> <span class='ocrx_word' id='word_1_84' title='bbox 918 1402 999 1464; x_wconf 79' lang='lat' dir='ltr'>unq.)</span> <span class='ocrx_word' id='word_1_85' title='bbox 1017 1400 1153 1450; x_wconf 81' lang='lat' dir='ltr'>exhibent.</span> <span class='ocrx_word' id='word_1_86' title='bbox 1185 1404 1242 1452; x_wconf 89' lang='lat' dir='ltr'>lioc</span> 
     </span>
     <span class='ocr_line' id='line_1_12' title="bbox 194 1469 1243 1536; baseline -0.005 -14"><span class='ocrx_word' id='word_1_87' title='bbox 194 1476 293 1523; x_wconf 85' lang='lat' dir='ltr'>tenens</span> <span class='ocrx_word' id='word_1_88' title='bbox 316 1471 384 1523; x_wconf 81' lang='lat' dir='ltr'>oud.</span> <span class='ocrx_word' id='word_1_89' title='bbox 408 1470 491 1535; x_wconf 89' lang='lat' dir='ltr'>iilud,</span> <span class='ocrx_word' id='word_1_90' title='bbox 517 1472 586 1532; x_wconf 88' lang='lat' dir='ltr'>quod</span> <span class='ocrx_word' id='word_1_91' title='bbox 611 1473 674 1520; x_wconf 87' lang='lat' dir='ltr'>ante</span> <span class='ocrx_word' id='word_1_92' title='bbox 695 1471 790 1519; x_wconf 89' lang='lat' dir='ltr'>Aldum</span> <span class='ocrx_word' id='word_1_93' title='bbox 813 1470 961 1534; x_wconf 78' lang='lat' dir='ltr'>edebatur,</span> <span class='ocrx_word' id='word_1_94' title='bbox 990 1480 1041 1519; x_wconf 92' lang='lat' dir='ltr'>non</span> <span class='ocrx_word' id='word_1_95' title='bbox 1065 1469 1243 1536; x_wconf 76' lang='lat' dir='ltr'>argumentis,</span> 
     </span>
     <span class='ocr_line' id='line_1_13' title="bbox 193 1531 1243 1604; baseline -0.001 -14"><span class='ocrx_word' id='word_1_96' title='bbox 193 1543 243 1591; x_wconf 84' lang='lat' dir='ltr'>sed</span> <span class='ocrx_word' id='word_1_97' title='bbox 266 1543 327 1592; x_wconf 83' lang='lat' dir='ltr'>sola</span> <span class='ocrx_word' id='word_1_98' title='bbox 344 1541 544 1603; x_wconf 84' lang='lat' dir='ltr'>Metapbrastae</span> <span class='ocrx_word' id='word_1_99' title='bbox 568 1539 746 1603; x_wconf 79' lang='lat' dir='ltr'>anctoritate,</span> <span class='ocrx_word' id='word_1_100' title='bbox 769 1539 815 1602; x_wconf 87' lang='lat' dir='ltr'>qni</span> <span class='ocrx_word' id='word_1_101' title='bbox 841 1532 926 1590; x_wconf 74' lang='grc' dir='ltr'><em>ἄλλως</em></span> <span class='ocrx_word' id='word_1_102' title='bbox 943 1534 994 1604; x_wconf 76' lang='grc' dir='ltr'>γᾰρ</span> <span class='ocrx_word' id='word_1_103' title='bbox 1013 1531 1157 1590; x_wconf 65' lang='lat' dir='ltr'>cincinnos</span> <span class='ocrx_word' id='word_1_104' title='bbox 1174 1534 1243 1589; x_wconf 82' lang='grc' dir='ltr'><strong><em>ἐπο-</em></strong></span> 
     </span>
     <span class='ocr_line' id='line_1_14' title="bbox 193 1606 1242 1676; baseline -0.002 -16"><span class='ocrx_word' id='word_1_105' title='bbox 193 1606 316 1676; x_wconf 64' lang='grc' dir='ltr'>λέμησαν</span> <span class='ocrx_word' id='word_1_106' title='bbox 332 1610 431 1672; x_wconf 84' lang='lat' dir='ltr'>vertit,</span> <span class='ocrx_word' id='word_1_107' title='bbox 454 1607 598 1671; x_wconf 89' lang='lat' dir='ltr'>impugnat.</span> <span class='ocrx_word' id='word_1_108' title='bbox 640 1611 681 1658; x_wconf 90' lang='lat' dir='ltr'>Ac</span> <span class='ocrx_word' id='word_1_109' title='bbox 704 1616 810 1670; x_wconf 84' lang='lat' dir='ltr'>poterat</span> <span class='ocrx_word' id='word_1_110' title='bbox 834 1606 879 1657; x_wconf 86' lang='lat' dir='ltr'>bic</span> <span class='ocrx_word' id='word_1_111' title='bbox 899 1609 976 1657; x_wconf 90' lang='lat' dir='ltr'>locus</span> <span class='ocrx_word' id='word_1_112' title='bbox 993 1606 1100 1658; x_wconf 88' lang='lat' dir='ltr'>silentio</span> <span class='ocrx_word' id='word_1_113' title='bbox 1121 1609 1242 1675; x_wconf 80' lang='lat' dir='ltr'>tramitti,</span> 
     </span>
     <span class='ocr_line' id='line_1_15' title="bbox 194 1676 1242 1740; baseline -0.003 -11"><span class='ocrx_word' id='word_1_114' title='bbox 194 1678 252 1729; x_wconf 86' lang='lat' dir='ltr'>nisi</span> <span class='ocrx_word' id='word_1_115' title='bbox 271 1677 449 1740; x_wconf 86' lang='lat' dir='ltr'>Nipperdeins</span> <span class='ocrx_word' id='word_1_116' title='bbox 468 1678 529 1727; x_wconf 79' lang='lat' dir='ltr'>nlla</span> <span class='ocrx_word' id='word_1_117' title='bbox 556 1691 606 1738; x_wconf 89' lang='lat' dir='ltr'>pro</span> <span class='ocrx_word' id='word_1_118' title='bbox 631 1688 699 1725; x_wconf 86' lang='lat' dir='ltr'>vero</span> <span class='ocrx_word' id='word_1_119' title='bbox 718 1676 812 1726; x_wconf 86' lang='lat' dir='ltr'>haberi</span> <span class='ocrx_word' id='word_1_120' title='bbox 830 1685 858 1724; x_wconf 90' lang='lat' dir='ltr'>et</span> <span class='ocrx_word' id='word_1_121' title='bbox 881 1677 915 1724; x_wconf 87' lang='lat' dir='ltr'>ad</span> <span class='ocrx_word' id='word_1_122' title='bbox 935 1676 1007 1726; x_wconf 77' lang='lat' dir='ltr'>belle</span> <span class='ocrx_word' id='word_1_123' title='bbox 1024 1676 1123 1727; x_wconf 83' lang='lat' dir='ltr'>reterri</span> <span class='ocrx_word' id='word_1_124' title='bbox 1142 1677 1242 1727; x_wconf 84' lang='lat' dir='ltr'>inssis-</span> 
     </span>
     <span class='ocr_line' id='line_1_16' title="bbox 194 1745 1242 1812; baseline 0.003 -17"><span class='ocrx_word' id='word_1_125' title='bbox 194 1749 255 1812; x_wconf 90' lang='lat' dir='ltr'>set,</span> <span class='ocrx_word' id='word_1_126' title='bbox 279 1747 357 1809; x_wconf 87' lang='lat' dir='ltr'>eique</span> <span class='ocrx_word' id='word_1_127' title='bbox 379 1747 492 1796; x_wconf 89' lang='lat' dir='ltr'>lieldius</span> <span class='ocrx_word' id='word_1_128' title='bbox 515 1754 543 1794; x_wconf 90' lang='lat' dir='ltr'>et</span> <span class='ocrx_word' id='word_1_129' title='bbox 561 1748 702 1796; x_wconf 85' lang='lat' dir='ltr'>Kranerns</span> <span class='ocrx_word' id='word_1_130' title='bbox 726 1745 756 1795; x_wconf 91' lang='lat' dir='ltr'>in</span> <span class='ocrx_word' id='word_1_131' title='bbox 773 1753 904 1806; x_wconf 86' lang='lat' dir='ltr'>utroque,</span> <span class='ocrx_word' id='word_1_132' title='bbox 930 1745 1083 1806; x_wconf 78' lang='lat' dir='ltr'>Seyffertus</span> <span class='ocrx_word' id='word_1_133' title='bbox 1107 1750 1135 1796; x_wconf 89' lang='lat' dir='ltr'>et</span> <span class='ocrx_word' id='word_1_134' title='bbox 1153 1748 1242 1798; x_wconf 87' lang='lat' dir='ltr'>bobe-</span> 
     </span>
     <span class='ocr_line' id='line_1_17' title="bbox 194 1811 1241 1877; baseline 0.001 -11"><span class='ocrx_word' id='word_1_135' title='bbox 194 1813 309 1866; x_wconf 79' lang='lat' dir='ltr'>renzins</span> <span class='ocrx_word' id='word_1_136' title='bbox 328 1817 355 1866; x_wconf 90' lang='lat' dir='ltr'>in</span> <span class='ocrx_word' id='word_1_137' title='bbox 373 1815 464 1877; x_wconf 88' lang='lat' dir='ltr'>priore</span> <span class='ocrx_word' id='word_1_138' title='bbox 482 1814 554 1866; x_wconf 85' lang='lat' dir='ltr'>dicto</span> <span class='ocrx_word' id='word_1_139' title='bbox 572 1815 712 1864; x_wconf 73' lang='lat' dir='ltr'>audientes</span> <span class='ocrx_word' id='word_1_140' title='bbox 732 1812 856 1863; x_wconf 81' lang='lat' dir='ltr'>inissent.</span> <span class='ocrx_word' id='word_1_141' title='bbox 892 1811 1004 1863; x_wconf 82' lang='lat' dir='ltr'>Scilicet</span> <span class='ocrx_word' id='word_1_142' title='bbox 1020 1815 1079 1865; x_wconf 82' lang='lat' dir='ltr'>clla</span> <span class='ocrx_word' id='word_1_143' title='bbox 1094 1815 1155 1866; x_wconf 79' lang='lat' dir='ltr'>elin</span> <span class='ocrx_word' id='word_1_144' title='bbox 1173 1829 1241 1867; x_wconf 84' lang='lat' dir='ltr'>con-</span> 
     </span>
     <span class='ocr_line' id='line_1_18' title="bbox 193 1884 1242 1946; baseline 0 -10"><span class='ocrx_word' id='word_1_145' title='bbox 193 1884 305 1937; x_wconf 75' lang='lat' dir='ltr'>ditione</span> <span class='ocrx_word' id='word_1_146' title='bbox 323 1885 442 1934; x_wconf 77' lang='lat' dir='ltr'>bellasse</span> <span class='ocrx_word' id='word_1_147' title='bbox 459 1886 596 1935; x_wconf 80' lang='lat' dir='ltr'>Romanos</span> <span class='ocrx_word' id='word_1_148' title='bbox 615 1895 718 1945; x_wconf 81' lang='lat' dir='ltr'>negans</span> <span class='ocrx_word' id='word_1_149' title='bbox 735 1886 828 1933; x_wconf 86' lang='lat' dir='ltr'>orator</span> <span class='ocrx_word' id='word_1_150' title='bbox 843 1893 896 1931; x_wconf 90' lang='lat' dir='ltr'>non</span> <span class='ocrx_word' id='word_1_151' title='bbox 914 1884 992 1934; x_wconf 77' lang='lat' dir='ltr'>mulio</span> <span class='ocrx_word' id='word_1_152' title='bbox 1008 1884 1177 1946; x_wconf 80' lang='lat' dir='ltr'>honestiore,</span> <span class='ocrx_word' id='word_1_153' title='bbox 1194 1890 1242 1937; x_wconf 89' lang='lat' dir='ltr'>sed</span> 
     </span>
     <span class='ocr_line' id='line_1_19' title="bbox 192 1951 1242 2020; baseline 0.001 -15"><span class='ocrx_word' id='word_1_154' title='bbox 192 1965 229 2005; x_wconf 87' lang='lat' dir='ltr'>nc</span> <span class='ocrx_word' id='word_1_155' title='bbox 246 1951 366 2015; x_wconf 87' lang='lat' dir='ltr'>turpiore</span> <span class='ocrx_word' id='word_1_156' title='bbox 385 1951 507 2020; x_wconf 88' lang='lat' dir='ltr'>quidem,</span> <span class='ocrx_word' id='word_1_157' title='bbox 532 1965 601 2016; x_wconf 88' lang='lat' dir='ltr'>quae</span> <span class='ocrx_word' id='word_1_158' title='bbox 620 1951 737 2014; x_wconf 82' lang='lat' dir='ltr'>cogitari</span> <span class='ocrx_word' id='word_1_159' title='bbox 756 1955 846 2002; x_wconf 87' lang='lat' dir='ltr'>tamen</span> <span class='ocrx_word' id='word_1_160' title='bbox 866 1954 975 2015; x_wconf 88' lang='lat' dir='ltr'>posset,</span> <span class='ocrx_word' id='word_1_161' title='bbox 1000 1952 1151 2003; x_wconf 81' lang='lat' dir='ltr'>conditione</span> <span class='ocrx_word' id='word_1_162' title='bbox 1171 1957 1242 2006; x_wconf 82' lang='lat' dir='ltr'>belia</span> 
     </span>
     <span class='ocr_line' id='line_1_20' title="bbox 85 2020 1242 2086; baseline 0.002 -15"><span class='ocrx_word' id='word_1_163' title='bbox 85 2050 88 2057; x_wconf 88' lang='lat'>·</span> <span class='ocrx_word' id='word_1_164' title='bbox 192 2021 317 2084; x_wconf 71' lang='lat' dir='ltr'>gessisse</span> <span class='ocrx_word' id='word_1_165' title='bbox 342 2023 500 2073; x_wconf 79' lang='lat' dir='ltr'>affirmaret.</span> <span class='ocrx_word' id='word_1_166' title='bbox 540 2023 615 2082; x_wconf 80' lang='lat' dir='ltr'>Quod</span> <span class='ocrx_word' id='word_1_167' title='bbox 639 2033 699 2071; x_wconf 91' lang='lat' dir='ltr'>cnm</span> <span class='ocrx_word' id='word_1_168' title='bbox 723 2020 840 2071; x_wconf 86' lang='lat' dir='ltr'>eliennrn</span> <span class='ocrx_word' id='word_1_169' title='bbox 866 2020 900 2071; x_wconf 87' lang='lat' dir='ltr'>ab</span> <span class='ocrx_word' id='word_1_170' title='bbox 924 2021 984 2070; x_wconf 88' lang='lat' dir='ltr'>eins</span> <span class='ocrx_word' id='word_1_171' title='bbox 1006 2024 1096 2070; x_wconf 90' lang='lat' dir='ltr'>mente</span> <span class='ocrx_word' id='word_1_172' title='bbox 1120 2022 1172 2086; x_wconf 91' lang='lat' dir='ltr'>sit,</span> <span class='ocrx_word' id='word_1_173' title='bbox 1204 2025 1242 2077; x_wconf 87' lang='lat' dir='ltr'>ita</span> 
     </span>
     <span class='ocr_line' id='line_1_21' title="bbox 192 2088 1242 2154; baseline 0.003 -13"><span class='ocrx_word' id='word_1_174' title='bbox 192 2090 327 2143; x_wconf 79' lang='lat' dir='ltr'>dicentem</span> <span class='ocrx_word' id='word_1_175' title='bbox 351 2093 445 2141; x_wconf 79' lang='lat' dir='ltr'>iecere</span> <span class='ocrx_word' id='word_1_176' title='bbox 468 2091 588 2154; x_wconf 81' lang='lat' dir='ltr'>scriptor</span> <span class='ocrx_word' id='word_1_177' title='bbox 611 2100 663 2140; x_wconf 88' lang='lat' dir='ltr'>non</span> <span class='ocrx_word' id='word_1_178' title='bbox 686 2090 780 2151; x_wconf 89' lang='lat' dir='ltr'>potuit.</span> <span class='ocrx_word' id='word_1_179' title='bbox 824 2089 870 2139; x_wconf 85' lang='lat' dir='ltr'>Sin</span> <span class='ocrx_word' id='word_1_180' title='bbox 889 2097 980 2140; x_wconf 66' lang='lat' dir='ltr'>annm</span> <span class='ocrx_word' id='word_1_181' title='bbox 1003 2088 1171 2141; x_wconf 87' lang='lat' dir='ltr'>adiectlvnm</span> <span class='ocrx_word' id='word_1_182' title='bbox 1193 2105 1242 2144; x_wconf 89' lang='lat' dir='ltr'>nun</span> 
     </span>
     <span class='ocr_line' id='line_1_22' title="bbox 191 2157 1241 2227; baseline -0.001 -15"><span class='ocrx_word' id='word_1_183' title='bbox 191 2161 228 2212; x_wconf 86' lang='lat' dir='ltr'>od</span> <span class='ocrx_word' id='word_1_184' title='bbox 251 2161 418 2224; x_wconf 87' lang='lat' dir='ltr'>proximum,</span> <span class='ocrx_word' id='word_1_185' title='bbox 449 2161 498 2210; x_wconf 91' lang='lat' dir='ltr'>sed</span> <span class='ocrx_word' id='word_1_186' title='bbox 524 2162 560 2211; x_wconf 89' lang='lat' dir='ltr'>ad</span> <span class='ocrx_word' id='word_1_187' title='bbox 589 2158 719 2211; x_wconf 86' lang='lat' dir='ltr'>remotius</span> <span class='ocrx_word' id='word_1_188' title='bbox 744 2159 945 2210; x_wconf 83' lang='lat' dir='ltr'>substantivum</span> <span class='ocrx_word' id='word_1_189' title='bbox 972 2157 1073 2208; x_wconf 77' lang='lat' dir='ltr'>reterri</span> <span class='ocrx_word' id='word_1_190' title='bbox 1099 2160 1241 2227; x_wconf 83' lang='lat' dir='ltr'>voluisset,</span> 
     </span>
     <span class='ocr_line' id='line_1_23' title="bbox 191 2227 1242 2292; baseline 0.001 -13"><span class='ocrx_word' id='word_1_191' title='bbox 191 2229 361 2281; x_wconf 81' lang='lat' dir='ltr'>hauddubie</span> <span class='ocrx_word' id='word_1_192' title='bbox 378 2238 425 2283; x_wconf 80' lang='lat' dir='ltr'>cut</span> <span class='ocrx_word' id='word_1_193' title='bbox 449 2230 515 2282; x_wconf 81' lang='lat' dir='ltr'>aliis</span> <span class='ocrx_word' id='word_1_194' title='bbox 533 2229 756 2291; x_wconf 80' lang='lat' dir='ltr'>conditionibus,</span> <span class='ocrx_word' id='word_1_195' title='bbox 782 2237 831 2279; x_wconf 84' lang='lat' dir='ltr'>eut</span> <span class='ocrx_word' id='word_1_196' title='bbox 854 2230 945 2280; x_wconf 62' lang='lat' dir='ltr'>dium</span> <span class='ocrx_word' id='word_1_197' title='bbox 965 2227 1067 2279; x_wconf 78' lang='lat' dir='ltr'>bellum</span> <span class='ocrx_word' id='word_1_198' title='bbox 1090 2229 1242 2292; x_wconf 86' lang='lat' dir='ltr'>scripturus</span> 
     </span>
     <span class='ocr_line' id='line_1_24' title="bbox 190 2298 301 2350; baseline -0.018 0"><span class='ocrx_word' id='word_1_199' title='bbox 190 2298 301 2350; x_wconf 79' lang='lat' dir='ltr'>inisset.</span> 
     </span>
     <span class='ocr_line' id='line_1_25' title="bbox 225 2365 790 2431; baseline 0.002 -15"><span class='ocrx_word' id='word_1_200' title='bbox 225 2367 253 2429; x_wconf 76' lang='lat' dir='ltr'>S.</span> <span class='ocrx_word' id='word_1_201' title='bbox 270 2368 304 2421; x_wconf 80' lang='grc'>15</span> <span class='ocrx_word' id='word_1_202' title='bbox 324 2366 478 2429; x_wconf 76' lang='lat' dir='ltr'>finitimam]</span> <span class='ocrx_word' id='word_1_203' title='bbox 497 2365 657 2431; x_wconf 74' lang='lat' dir='ltr'>{initimum</span> <span class='ocrx_word' id='word_1_204' title='bbox 676 2368 744 2418; x_wconf 85' lang='lat' dir='ltr'>Oud.</span> <span class='ocrx_word' id='word_1_205' title='bbox 764 2371 790 2418; x_wconf 83' lang='lat'>2.</span> 
     </span>
    </p>
   </div>
   <div class='ocr_carea' id='block_1_4' title="bbox 151 2449 1245 3902">
    <p class='ocr_par' dir='ltr' id='par_1_5' title="bbox 190 2449 1244 2855">
     <span class='ocr_line' id='line_1_26' title="bbox 228 2449 1242 2517; baseline 0.005 -15"><span class='ocrx_word' id='word_1_206' title='bbox 228 2452 293 2514; x_wconf 82' lang='lat' dir='ltr'>cap.</span> <span class='ocrx_word' id='word_1_207' title='bbox 314 2454 359 2506; x_wconf 79' lang='lat'>78.</span> <span class='ocrx_word' id='word_1_208' title='bbox 385 2451 413 2511; x_wconf 79' lang='lat' dir='ltr'>S.</span> <span class='ocrx_word' id='word_1_209' title='bbox 431 2455 445 2502; x_wconf 87' lang='lat'>1</span> <span class='ocrx_word' id='word_1_210' title='bbox 465 2449 506 2516; x_wconf 88' lang='lat' dir='ltr'>bi]</span> <span class='ocrx_word' id='word_1_211' title='bbox 527 2454 599 2517; x_wconf 86' lang='lat' dir='ltr'>„vei</span> <span class='ocrx_word' id='word_1_212' title='bbox 616 2453 639 2502; x_wconf 83' lang='lat' dir='ltr'>ii</span> <span class='ocrx_word' id='word_1_213' title='bbox 655 2454 731 2501; x_wconf 80' lang='lat' dir='ltr'>tiss.</span> <span class='ocrx_word' id='word_1_214' title='bbox 750 2452 793 2501; x_wconf 89' lang='grc'>10.</span> <span class='ocrx_word' id='word_1_215' title='bbox 811 2461 839 2502; x_wconf 88' lang='lat' dir='ltr'>ct</span> <span class='ocrx_word' id='word_1_216' title='bbox 857 2454 924 2502; x_wconf 80' lang='lat' dir='ltr'>itud.</span> <span class='ocrx_word' id='word_1_217' title='bbox 942 2466 987 2515; x_wconf 93' lang='lat' dir='ltr'>pp.</span> <span class='ocrx_word' id='word_1_218' title='bbox 1005 2452 1168 2517; x_wconf 82' lang='lat' dir='ltr'>aliaeque.“</span> <span class='ocrx_word' id='word_1_219' title='bbox 1186 2457 1242 2512; x_wconf 82' lang='lat' dir='ltr'>Pet.</span> 
     </span>
     <span class='ocr_line' id='line_1_27' title="bbox 191 2520 1242 2583; baseline 0.007 -14"><span class='ocrx_word' id='word_1_220' title='bbox 191 2521 277 2570; x_wconf 87' lang='lat' dir='ltr'>Voss.</span> <span class='ocrx_word' id='word_1_221' title='bbox 293 2523 327 2570; x_wconf 82' lang='lat' dir='ltr'>A.</span> <span class='ocrx_word' id='word_1_222' title='bbox 351 2523 428 2583; x_wconf 74' lang='lat' dir='ltr'>Egon.</span> <span class='ocrx_word' id='word_1_223' title='bbox 447 2520 520 2571; x_wconf 80' lang='lat' dir='ltr'>Gott.</span> <span class='ocrx_word' id='word_1_224' title='bbox 539 2522 622 2582; x_wconf 75' lang='lat' dir='ltr'>Bong.</span> <span class='ocrx_word' id='word_1_225' title='bbox 640 2524 675 2571; x_wconf 90' lang='lat' dir='ltr'>A.</span> <span class='ocrx_word' id='word_1_226' title='bbox 694 2521 757 2571; x_wconf 83' lang='lat' dir='ltr'>Par.</span> <span class='ocrx_word' id='word_1_227' title='bbox 775 2524 809 2576; x_wconf 76' lang='lat' dir='ltr'>A.</span> <span class='ocrx_word' id='word_1_228' title='bbox 829 2522 915 2571; x_wconf 81' lang='lat' dir='ltr'>linem</span> <span class='ocrx_word' id='word_1_229' title='bbox 938 2522 984 2571; x_wconf 87' lang='lat' dir='ltr'>Dr.</span> <span class='ocrx_word' id='word_1_230' title='bbox 1000 2523 1031 2571; x_wconf 83' lang='grc' dir='ltr'>Β.</span> <span class='ocrx_word' id='word_1_231' title='bbox 1048 2522 1102 2575; x_wconf 78' lang='lat' dir='ltr'>Gn.</span> <span class='ocrx_word' id='word_1_232' title='bbox 1121 2525 1204 2582; x_wconf 81' lang='lat' dir='ltr'>Vind.</span> <span class='ocrx_word' id='word_1_233' title='bbox 1221 2520 1242 2578; x_wconf 86' lang='lat' dir='ltr'>i.</span> 
     </span>
     <span class='ocr_line' id='line_1_28' title="bbox 190 2586 1243 2644; baseline 0.005 -5"><span class='ocrx_word' id='word_1_234' title='bbox 190 2590 263 2640; x_wconf 79' lang='lat' dir='ltr'>Ven.</span> <span class='ocrx_word' id='word_1_235' title='bbox 280 2589 352 2639; x_wconf 85' lang='lat' dir='ltr'>cdei.</span> <span class='ocrx_word' id='word_1_236' title='bbox 385 2587 428 2636; x_wconf 80' lang='lat' dir='ltr'>itii</span> <span class='ocrx_word' id='word_1_237' title='bbox 449 2589 497 2637; x_wconf 86' lang='lat' dir='ltr'>Dr.</span> <span class='ocrx_word' id='word_1_238' title='bbox 515 2591 549 2639; x_wconf 89' lang='lat' dir='ltr'>A.</span> <span class='ocrx_word' id='word_1_239' title='bbox 573 2589 654 2637; x_wconf 87' lang='lat' dir='ltr'>Vrat.</span> <span class='ocrx_word' id='word_1_240' title='bbox 673 2589 751 2641; x_wconf 77' lang='lat' dir='ltr'>Asc.</span> <span class='ocrx_word' id='word_1_241' title='bbox 775 2591 872 2639; x_wconf 83' lang='lat' dir='ltr'>Hamb.</span> <span class='ocrx_word' id='word_1_242' title='bbox 897 2586 977 2640; x_wconf 87' lang='lat' dir='ltr'>Vind.</span> <span class='ocrx_word' id='word_1_243' title='bbox 998 2592 1029 2640; x_wconf 86' lang='lat' dir='ltr'>lt.</span> <span class='ocrx_word' id='word_1_244' title='bbox 1060 2594 1082 2640; x_wconf 84' lang='lat' dir='ltr'>ii</span> <span class='ocrx_word' id='word_1_245' title='bbox 1108 2593 1190 2644; x_wconf 75' lang='lat' dir='ltr'>(iotis.</span> <span class='ocrx_word' id='word_1_246' title='bbox 1215 2596 1243 2644; x_wconf 83' lang='lat' dir='ltr'>lt.</span> 
     </span>
     <span class='ocr_line' id='line_1_29' title="bbox 191 2656 1242 2716; baseline 0.003 -9"><span class='ocrx_word' id='word_1_247' title='bbox 191 2656 324 2707; x_wconf 79' lang='lat' dir='ltr'>vindi).</span> <span class='ocrx_word' id='word_1_248' title='bbox 349 2657 433 2708; x_wconf 82' lang='lat' dir='ltr'>conti.</span> <span class='ocrx_word' id='word_1_249' title='bbox 458 2658 534 2707; x_wconf 80' lang='lat' dir='ltr'>Rom.</span> <span class='ocrx_word' id='word_1_250' title='bbox 554 2669 580 2709; x_wconf 83' lang='lat' dir='ltr'>a,</span> <span class='ocrx_word' id='word_1_251' title='bbox 606 2659 677 2708; x_wconf 85' lang='lat' dir='ltr'>Med.</span> <span class='ocrx_word' id='word_1_252' title='bbox 695 2668 721 2713; x_wconf 78' lang='lat' dir='ltr'>a,</span> <span class='ocrx_word' id='word_1_253' title='bbox 748 2659 816 2711; x_wconf 90' lang='lat' dir='ltr'>Ven.</span> <span class='ocrx_word' id='word_1_254' title='bbox 835 2660 860 2708; x_wconf 92' lang='lat' dir='ltr'>b.</span> <span class='ocrx_word' id='word_1_255' title='bbox 888 2659 948 2712; x_wconf 85' lang='lat' dir='ltr'>Ber.</span> <span class='ocrx_word' id='word_1_256' title='bbox 974 2659 1013 2708; x_wconf 81' lang='lat' dir='ltr'>St.</span> <span class='ocrx_word' id='word_1_257' title='bbox 1039 2661 1087 2716; x_wconf 75' lang='lat' dir='ltr'>tir,</span> <span class='ocrx_word' id='word_1_258' title='bbox 1107 2664 1133 2713; x_wconf 90' lang='lat' dir='ltr'>b.</span> <span class='ocrx_word' id='word_1_259' title='bbox 1158 2664 1242 2714; x_wconf 77' lang='lat' dir='ltr'>Frell.</span> 
     </span>
     <span class='ocr_line' id='line_1_30' title="bbox 191 2725 1244 2797; baseline 0.007 -21"><span class='ocrx_word' id='word_1_260' title='bbox 191 2738 243 2776; x_wconf 86' lang='lat' dir='ltr'>onr.</span> <span class='ocrx_word' id='word_1_261' title='bbox 270 2727 340 2776; x_wconf 84' lang='lat' dir='ltr'>iiav.</span> <span class='ocrx_word' id='word_1_262' title='bbox 360 2729 392 2776; x_wconf 89' lang='lat' dir='ltr'>A.</span> <span class='ocrx_word' id='word_1_263' title='bbox 421 2725 502 2776; x_wconf 85' lang='lat' dir='ltr'>vind.</span> <span class='ocrx_word' id='word_1_264' title='bbox 524 2728 557 2775; x_wconf 89' lang='lat' dir='ltr'>A.</span> <span class='ocrx_word' id='word_1_265' title='bbox 581 2728 645 2777; x_wconf 84' lang='lat' dir='ltr'>Ald.</span> <span class='ocrx_word' id='word_1_266' title='bbox 665 2728 708 2777; x_wconf 88' lang='lat' dir='ltr'>ab.</span> <span class='ocrx_word' id='word_1_267' title='bbox 734 2728 781 2777; x_wconf 78' lang='lat' dir='ltr'>Gr.</span> <span class='ocrx_word' id='word_1_268' title='bbox 799 2741 824 2778; x_wconf 87' lang='lat' dir='ltr'>e.</span> <span class='ocrx_word' id='word_1_269' title='bbox 849 2727 881 2777; x_wconf 84' lang='lat' dir='ltr'>P.</span> <span class='ocrx_word' id='word_1_270' title='bbox 899 2730 973 2778; x_wconf 86' lang='lat' dir='ltr'>Man.</span> <span class='ocrx_word' id='word_1_271' title='bbox 992 2730 1070 2781; x_wconf 78' lang='lat' dir='ltr'>linrr.</span> <span class='ocrx_word' id='word_1_272' title='bbox 1090 2732 1165 2794; x_wconf 81' lang='lat' dir='ltr'>bips.</span> <span class='ocrx_word' id='word_1_273' title='bbox 1187 2746 1244 2797; x_wconf 87' lang='lat' dir='ltr'>sqq.</span> 
     </span>
     <span class='ocr_line' id='line_1_31' title="bbox 190 2793 610 2855; baseline -0.01 -9"><span class='ocrx_word' id='word_1_274' title='bbox 190 2795 316 2848; x_wconf 73' lang='lat' dir='ltr'>(ibadn.</span> <span class='ocrx_word' id='word_1_275' title='bbox 333 2808 372 2846; x_wconf 88' lang='lat' dir='ltr'>cr.</span> <span class='ocrx_word' id='word_1_276' title='bbox 391 2797 424 2845; x_wconf 86' lang='lat' dir='ltr'>ad</span> <span class='ocrx_word' id='word_1_277' title='bbox 446 2807 469 2843; x_wconf 90' lang='lat' dir='ltr'>c.</span> <span class='ocrx_word' id='word_1_278' title='bbox 487 2793 523 2846; x_wconf 88' lang='lat'>75</span> <span class='ocrx_word' id='word_1_279' title='bbox 542 2793 568 2855; x_wconf 79' lang='lat' dir='ltr'>S.</span> <span class='ocrx_word' id='word_1_280' title='bbox 585 2795 610 2843; x_wconf 91' lang='lat'>1.</span> 
     </span>
    </p>

    <p class='ocr_par' dir='ltr' id='par_1_6' title="bbox 190 2864 1245 3137">
     <span class='ocr_line' id='line_1_32' title="bbox 225 2864 1245 2935; baseline 0.007 -23"><span class='ocrx_word' id='word_1_281' title='bbox 225 2864 394 2924; x_wconf 81' lang='lat' dir='ltr'>valetudine]</span> <span class='ocrx_word' id='word_1_282' title='bbox 416 2864 480 2913; x_wconf 82' lang='lat' dir='ltr'>Par.</span> <span class='ocrx_word' id='word_1_283' title='bbox 497 2866 532 2916; x_wconf 90' lang='lat' dir='ltr'>A.</span> <span class='ocrx_word' id='word_1_284' title='bbox 553 2875 624 2915; x_wconf 82' lang='lat' dir='ltr'>am.</span> <span class='ocrx_word' id='word_1_285' title='bbox 643 2877 684 2925; x_wconf 82' lang='lat' dir='ltr'>pr.</span> <span class='ocrx_word' id='word_1_286' title='bbox 706 2865 774 2914; x_wconf 87' lang='lat' dir='ltr'>ven.</span> <span class='ocrx_word' id='word_1_287' title='bbox 793 2867 814 2916; x_wconf 82' lang='lat' dir='ltr'>i.</span> <span class='ocrx_word' id='word_1_288' title='bbox 834 2874 862 2916; x_wconf 88' lang='lat' dir='ltr'>et</span> <span class='ocrx_word' id='word_1_289' title='bbox 882 2877 939 2928; x_wconf 85' lang='lat' dir='ltr'>sqq.</span> <span class='ocrx_word' id='word_1_290' title='bbox 957 2877 1042 2930; x_wconf 82' lang='lat' dir='ltr'>usqne</span> <span class='ocrx_word' id='word_1_291' title='bbox 1059 2869 1095 2919; x_wconf 84' lang='lat' dir='ltr'>ad</span> <span class='ocrx_word' id='word_1_292' title='bbox 1112 2868 1180 2922; x_wconf 89' lang='lat' dir='ltr'>0nd.</span> <span class='ocrx_word' id='word_1_293' title='bbox 1199 2869 1245 2935; x_wconf 91' lang='lat' dir='ltr'>qul</span> 
     </span>
     <span class='ocr_line' id='line_1_33' title="bbox 191 2932 1243 2998; baseline 0.005 -14"><span class='ocrx_word' id='word_1_294' title='bbox 191 2933 276 2984; x_wconf 81' lang='lat' dir='ltr'>colit.</span> <span class='ocrx_word' id='word_1_295' title='bbox 303 2932 431 2998; x_wconf 84' lang='lat' dir='ltr'>scripsit,</span> <span class='ocrx_word' id='word_1_296' title='bbox 459 2933 681 2995; x_wconf 84' lang='lat' dir='ltr'>quemadmodum</span> <span class='ocrx_word' id='word_1_297' title='bbox 707 2933 788 2984; x_wconf 85' lang='lat' dir='ltr'>etiam</span> <span class='ocrx_word' id='word_1_298' title='bbox 811 2935 841 2984; x_wconf 88' lang='lat' dir='ltr'>in</span> <span class='ocrx_word' id='word_1_299' title='bbox 863 2936 935 2988; x_wconf 83' lang='lat' dir='ltr'>iiav.</span> <span class='ocrx_word' id='word_1_300' title='bbox 956 2937 989 2988; x_wconf 91' lang='lat' dir='ltr'>A.</span> <span class='ocrx_word' id='word_1_301' title='bbox 1013 2940 1041 2985; x_wconf 88' lang='lat' dir='ltr'>et</span> <span class='ocrx_word' id='word_1_302' title='bbox 1066 2948 1085 2987; x_wconf 84' lang='lat' dir='ltr'>e</span> <span class='ocrx_word' id='word_1_303' title='bbox 1110 2951 1145 2991; x_wconf 88' lang='lat' dir='ltr'>m.</span> <span class='ocrx_word' id='word_1_304' title='bbox 1164 2952 1189 2992; x_wconf 89' lang='lat' dir='ltr'>s.</span> <span class='ocrx_word' id='word_1_305' title='bbox 1216 2939 1243 2990; x_wconf 86' lang='lat' dir='ltr'>in</span> 
     </span>
     <span class='ocr_line' id='line_1_34' title="bbox 191 3001 1242 3128; baseline 0.01 -79"><span class='ocrx_word' id='word_1_306' title='bbox 191 3003 257 3054; x_wconf 81' lang='lat' dir='ltr'>Par.</span> <span class='ocrx_word' id='word_1_307' title='bbox 273 3006 317 3122; x_wconf 78' lang='lat' dir='ltr'>A.⁵</span> <span class='ocrx_word' id='word_1_308' title='bbox 332 3002 423 3128; x_wconf 47' lang='lat' dir='ltr'>“isus</span> <span class='ocrx_word' id='word_1_309' title='bbox 436 3002 496 3052; x_wconf 88' lang='lat' dir='ltr'>edd.</span> <span class='ocrx_word' id='word_1_310' title='bbox 520 3011 585 3051; x_wconf 88' lang='lat' dir='ltr'>ante</span> <span class='ocrx_word' id='word_1_311' title='bbox 602 3003 675 3052; x_wconf 81' lang='lat' dir='ltr'>ven.</span> <span class='ocrx_word' id='word_1_312' title='bbox 694 3004 714 3052; x_wconf 81' lang='lat' dir='ltr'>t.</span> <span class='ocrx_word' id='word_1_313' title='bbox 742 3001 872 3067; x_wconf 87' lang='lat' dir='ltr'>scriptum</span> <span class='ocrx_word' id='word_1_314' title='bbox 891 3012 943 3054; x_wconf 83' lang='lat' dir='ltr'>est·</span> <span class='ocrx_word' id='word_1_315' title='bbox 979 3002 1106 3057; x_wconf 81' lang='lat' dir='ltr'>Ceterum</span> <span class='ocrx_word' id='word_1_316' title='bbox 1124 3009 1161 3059; x_wconf 84' lang='lat' dir='ltr'>ci.</span> <span class='ocrx_word' id='word_1_317' title='bbox 1179 3010 1242 3059; x_wconf 87' lang='lat' dir='ltr'>adn.</span> 
     </span>
     <span class='ocr_line' id='line_1_35' title="bbox 190 3072 474 3137; baseline -0.011 -15"><span class='ocrx_word' id='word_1_318' title='bbox 190 3085 229 3124; x_wconf 91' lang='lat' dir='ltr'>cr.</span> <span class='ocrx_word' id='word_1_319' title='bbox 246 3073 281 3123; x_wconf 82' lang='lat' dir='ltr'>cd</span> <span class='ocrx_word' id='word_1_320' title='bbox 325 3104 334 3137; x_wconf 94' lang='lat'>,</span> <span class='ocrx_word' id='word_1_321' title='bbox 425 3072 474 3123; x_wconf 89' lang='lat'>.7.</span> 
     </span>
    </p>

    <p class='ocr_par' dir='ltr' id='par_1_7' title="bbox 225 3137 1127 3206">
     <span class='ocr_line' id='line_1_36' title="bbox 225 3137 1127 3206; baseline -0.002 -16"><span class='ocrx_word' id='word_1_322' title='bbox 225 3143 303 3200; x_wconf 89' lang='lat' dir='ltr'>sunt]</span> <span class='ocrx_word' id='word_1_323' title='bbox 328 3141 512 3191; x_wconf 75' lang='lat' dir='ltr'>centnm.</span> <span class='ocrx_word' id='word_1_324' title='bbox 533 3137 760 3206; x_wconf 79' lang='lat' dir='ltr'>ad5‚1ts.2.</span> <span class='ocrx_word' id='word_1_325' title='bbox 1123 3190 1127 3201; x_wconf 67' lang='grc'>,</span> 
     </span>
    </p>

    <p class='ocr_par' dir='ltr' id='par_1_8' title="bbox 189 3208 1244 3688">
     <span class='ocr_line' id='line_1_37' title="bbox 226 3208 1242 3273; baseline 0.009 -14"><span class='ocrx_word' id='word_1_326' title='bbox 226 3211 262 3259; x_wconf 85' lang='lat' dir='ltr'>ad</span> <span class='ocrx_word' id='word_1_327' title='bbox 280 3209 432 3269; x_wconf 68' lang='lat' dir='ltr'>Critognati</span> <span class='ocrx_word' id='word_1_328' title='bbox 452 3209 612 3261; x_wconf 88' lang='lat' dir='ltr'>sententiam</span> <span class='ocrx_word' id='word_1_329' title='bbox 632 3208 809 3270; x_wconf 86' lang='lat' dir='ltr'>descendant]</span> <span class='ocrx_word' id='word_1_330' title='bbox 828 3209 891 3259; x_wconf 88' lang='lat' dir='ltr'>Ald.</span> <span class='ocrx_word' id='word_1_331' title='bbox 908 3221 965 3273; x_wconf 90' lang='lat' dir='ltr'>sqq.</span> <span class='ocrx_word' id='word_1_332' title='bbox 986 3209 1097 3271; x_wconf 77' lang='lat' dir='ltr'>(carr.)</span> <span class='ocrx_word' id='word_1_333' title='bbox 1113 3215 1154 3266; x_wconf 79' lang='lat' dir='ltr'>od</span> <span class='ocrx_word' id='word_1_334' title='bbox 1170 3215 1200 3266; x_wconf 74' lang='lat' dir='ltr'>l).</span> <span class='ocrx_word' id='word_1_335' title='bbox 1219 3230 1242 3267; x_wconf 83' lang='lat' dir='ltr'>s.</span> 
     </span>
     <span class='ocr_line' id='line_1_38' title="bbox 189 3277 1243 3348; baseline 0 -19"><span class='ocrx_word' id='word_1_336' title='bbox 189 3277 340 3330; x_wconf 78' lang='lat' dir='ltr'>discedant</span> <span class='ocrx_word' id='word_1_337' title='bbox 356 3280 406 3328; x_wconf 82' lang='grc' dir='ltr'>οι.</span> <span class='ocrx_word' id='word_1_338' title='bbox 432 3277 467 3327; x_wconf 84' lang='lat' dir='ltr'>ab</span> <span class='ocrx_word' id='word_1_339' title='bbox 481 3277 510 3328; x_wconf 81' lang='lat'>0.</span> <span class='ocrx_word' id='word_1_340' title='bbox 529 3278 702 3328; x_wconf 83' lang='lat' dir='ltr'>sententium</span> <span class='ocrx_word' id='word_1_341' title='bbox 721 3277 872 3329; x_wconf 81' lang='lat' dir='ltr'>discedant</span> <span class='ocrx_word' id='word_1_342' title='bbox 891 3278 964 3328; x_wconf 72' lang='lat' dir='ltr'>cote.</span> <span class='ocrx_word' id='word_1_343' title='bbox 983 3282 1051 3334; x_wconf 86' lang='lat' dir='ltr'>Wb.</span> <span class='ocrx_word' id='word_1_344' title='bbox 1076 3284 1155 3348; x_wconf 52' lang='grc' dir='ltr'>(μί,</span> <span class='ocrx_word' id='word_1_345' title='bbox 1166 3296 1243 3335; x_wconf 71' lang='lat' dir='ltr'>recto</span> 
     </span>
     <span class='ocr_line' id='line_1_39' title="bbox 190 3343 1244 3409; baseline -0.003 -12"><span class='ocrx_word' id='word_1_346' title='bbox 190 3347 323 3409; x_wconf 84' lang='lat' dir='ltr'>descripsi</span> <span class='ocrx_word' id='word_1_347' title='bbox 331 3343 351 3374; x_wconf 78' lang='lat'>‘⁴</span> <span class='ocrx_word' id='word_1_348' title='bbox 368 3345 402 3395; x_wconf 86' lang='lat' dir='ltr'>ab</span> <span class='ocrx_word' id='word_1_349' title='bbox 419 3345 448 3395; x_wconf 82' lang='lat'>0.</span> <span class='ocrx_word' id='word_1_350' title='bbox 467 3346 611 3398; x_wconf 81' lang='lat' dir='ltr'>sententio</span> <span class='ocrx_word' id='word_1_351' title='bbox 629 3347 834 3406; x_wconf 79' lang='lat' dir='ltr'>(descendant)</span> <span class='ocrx_word' id='word_1_352' title='bbox 851 3345 932 3397; x_wconf 88' lang='lat' dir='ltr'>Vind.</span> <span class='ocrx_word' id='word_1_353' title='bbox 951 3343 973 3398; x_wconf 90' lang='lat'>1.</span> <span class='ocrx_word' id='word_1_354' title='bbox 992 3352 1061 3409; x_wconf 75' lang='lat' dir='ltr'>(aa)</span> <span class='ocrx_word' id='word_1_355' title='bbox 1078 3352 1107 3403; x_wconf 74' lang='grc' dir='ltr'>ο.</span> <span class='ocrx_word' id='word_1_356' title='bbox 1125 3357 1244 3406; x_wconf 65' lang='lat' dir='ltr'>septen.</span> 
     </span>
     <span class='ocr_line' id='line_1_40' title="bbox 190 3414 1244 3475; baseline 0.008 -8"><span class='ocrx_word' id='word_1_357' title='bbox 190 3415 238 3467; x_wconf 80' lang='lat' dir='ltr'>tio</span> <span class='ocrx_word' id='word_1_358' title='bbox 252 3414 405 3467; x_wconf 74' lang='lat' dir='ltr'>discedant</span> <span class='ocrx_word' id='word_1_359' title='bbox 422 3414 502 3466; x_wconf 86' lang='lat' dir='ltr'>vind.</span> <span class='ocrx_word' id='word_1_360' title='bbox 516 3417 547 3470; x_wconf 79' lang='lat' dir='ltr'>li.</span> <span class='ocrx_word' id='word_1_361' title='bbox 571 3416 605 3467; x_wconf 87' lang='lat' dir='ltr'>ab</span> <span class='ocrx_word' id='word_1_362' title='bbox 617 3416 648 3467; x_wconf 79' lang='lat' dir='ltr'>c.</span> <span class='ocrx_word' id='word_1_363' title='bbox 666 3417 813 3468; x_wconf 81' lang='lat' dir='ltr'>sententia</span> <span class='ocrx_word' id='word_1_364' title='bbox 824 3415 994 3468; x_wconf 80' lang='lat' dir='ltr'>discedatur</span> <span class='ocrx_word' id='word_1_365' title='bbox 1010 3421 1082 3470; x_wconf 90' lang='lat' dir='ltr'>And.</span> <span class='ocrx_word' id='word_1_366' title='bbox 1099 3436 1118 3471; x_wconf 86' lang='lat' dir='ltr'>n</span> <span class='ocrx_word' id='word_1_367' title='bbox 1132 3422 1161 3474; x_wconf 76' lang='grc'>0.</span> <span class='ocrx_word' id='word_1_368' title='bbox 1177 3436 1244 3475; x_wconf 80' lang='lat' dir='ltr'>sets·</span> 
     </span>
     <span class='ocr_line' id='line_1_41' title="bbox 190 3484 1243 3559; baseline 0.007 -23"><span class='ocrx_word' id='word_1_369' title='bbox 190 3484 286 3536; x_wconf 81' lang='lat' dir='ltr'>tentia</span> <span class='ocrx_word' id='word_1_370' title='bbox 302 3484 451 3535; x_wconf 81' lang='lat' dir='ltr'>discedant</span> <span class='ocrx_word' id='word_1_371' title='bbox 469 3486 558 3534; x_wconf 77' lang='lat' dir='ltr'>serub.</span> <span class='ocrx_word' id='word_1_372' title='bbox 583 3485 617 3536; x_wconf 84' lang='lat' dir='ltr'>ab</span> <span class='ocrx_word' id='word_1_373' title='bbox 634 3485 664 3535; x_wconf 80' lang='grc'>0.</span> <span class='ocrx_word' id='word_1_374' title='bbox 681 3486 826 3537; x_wconf 82' lang='lat' dir='ltr'>sententia</span> <span class='ocrx_word' id='word_1_375' title='bbox 841 3485 992 3538; x_wconf 82' lang='lat' dir='ltr'>discedant</span> <span class='ocrx_word' id='word_1_376' title='bbox 1008 3489 1106 3552; x_wconf 87' lang='lat' dir='ltr'>reliqui</span> <span class='ocrx_word' id='word_1_377' title='bbox 1124 3492 1243 3559; x_wconf 89' lang='lat' dir='ltr'>codices,</span> 
     </span>
     <span class='ocr_line' id='line_1_42' title="bbox 190 3553 1243 3624; baseline 0.005 -20"><span class='ocrx_word' id='word_1_378' title='bbox 190 3554 272 3605; x_wconf 87' lang='lat' dir='ltr'>etiam</span> <span class='ocrx_word' id='word_1_379' title='bbox 292 3555 366 3605; x_wconf 76' lang='lat' dir='ltr'>(ioli.</span> <span class='ocrx_word' id='word_1_380' title='bbox 389 3553 489 3610; x_wconf 71' lang='lat' dir='ltr'>Fabi..</span> <span class='ocrx_word' id='word_1_381' title='bbox 519 3567 578 3602; x_wconf 91' lang='lat' dir='ltr'>cnm</span> <span class='ocrx_word' id='word_1_382' title='bbox 602 3555 660 3603; x_wconf 91' lang='lat' dir='ltr'>edd.</span> <span class='ocrx_word' id='word_1_383' title='bbox 686 3564 748 3605; x_wconf 84' lang='lat' dir='ltr'>ante</span> <span class='ocrx_word' id='word_1_384' title='bbox 771 3557 884 3620; x_wconf 89' lang='lat' dir='ltr'>Aldum‚</span> <span class='ocrx_word' id='word_1_385' title='bbox 909 3559 1101 3620; x_wconf 79' lang='lat' dir='ltr'>praeterquam</span> <span class='ocrx_word' id='word_1_386' title='bbox 1125 3563 1196 3624; x_wconf 89' lang='lat' dir='ltr'>quod</span> <span class='ocrx_word' id='word_1_387' title='bbox 1216 3562 1243 3613; x_wconf 86' lang='lat' dir='ltr'>in</span> 
     </span>
     <span class='ocr_line' id='line_1_43' title="bbox 191 3622 1242 3688; baseline 0.008 -15"><span class='ocrx_word' id='word_1_388' title='bbox 191 3623 241 3680; x_wconf 84' lang='lat' dir='ltr'>cn.</span> <span class='ocrx_word' id='word_1_389' title='bbox 266 3625 294 3674; x_wconf 92' lang='lat' dir='ltr'>et</span> <span class='ocrx_word' id='word_1_390' title='bbox 318 3625 391 3673; x_wconf 78' lang='lat' dir='ltr'>iias.</span> <span class='ocrx_word' id='word_1_391' title='bbox 410 3629 444 3672; x_wconf 90' lang='lat' dir='ltr'>A.</span> <span class='ocrx_word' id='word_1_392' title='bbox 471 3622 620 3673; x_wconf 79' lang='lat' dir='ltr'>discedant</span> <span class='ocrx_word' id='word_1_393' title='bbox 643 3631 707 3673; x_wconf 84' lang='lat' dir='ltr'>ante</span> <span class='ocrx_word' id='word_1_394' title='bbox 729 3623 877 3676; x_wconf 77' lang='lat' dir='ltr'>sententio</span> <span class='ocrx_word' id='word_1_395' title='bbox 895 3627 956 3688; x_wconf 92' lang='lat' dir='ltr'>vel,</span> <span class='ocrx_word' id='word_1_396' title='bbox 983 3630 1013 3677; x_wconf 89' lang='lat' dir='ltr'>ut</span> <span class='ocrx_word' id='word_1_397' title='bbox 1033 3630 1104 3678; x_wconf 80' lang='lat' dir='ltr'>llav.</span> <span class='ocrx_word' id='word_1_398' title='bbox 1126 3634 1160 3678; x_wconf 89' lang='lat' dir='ltr'>A.</span> <span class='ocrx_word' id='word_1_399' title='bbox 1186 3642 1242 3682; x_wconf 88' lang='lat' dir='ltr'>sec.</span> 
     </span>
    </p>

    <p class='ocr_par' dir='ltr' id='par_1_9' title="bbox 151 3691 1242 3756">
     <span class='ocr_line' id='line_1_44' title="bbox 151 3691 1242 3756; baseline 0.011 -14"><span class='ocrx_word' id='word_1_400' title='bbox 151 3738 152 3742; x_wconf 72' lang='grc'>,</span> <span class='ocrx_word' id='word_1_401' title='bbox 191 3693 260 3743; x_wconf 86' lang='lat' dir='ltr'>Wb.</span> <span class='ocrx_word' id='word_1_402' title='bbox 286 3694 384 3755; x_wconf 83' lang='lat' dir='ltr'>babet,</span> <span class='ocrx_word' id='word_1_403' title='bbox 409 3691 504 3742; x_wconf 83' lang='lat' dir='ltr'>sentia</span> <span class='ocrx_word' id='word_1_404' title='bbox 528 3693 659 3755; x_wconf 84' lang='lat' dir='ltr'>positum,</span> <span class='ocrx_word' id='word_1_405' title='bbox 690 3701 718 3742; x_wconf 90' lang='lat' dir='ltr'>et</span> <span class='ocrx_word' id='word_1_406' title='bbox 741 3705 790 3756; x_wconf 90' lang='lat' dir='ltr'>pro</span> <span class='ocrx_word' id='word_1_407' title='bbox 813 3694 888 3745; x_wconf 79' lang='lat' dir='ltr'>crit.</span> <span class='ocrx_word' id='word_1_408' title='bbox 913 3695 939 3743; x_wconf 92' lang='lat' dir='ltr'>in</span> <span class='ocrx_word' id='word_1_409' title='bbox 963 3697 1035 3747; x_wconf 85' lang='lat' dir='ltr'>liav.</span> <span class='ocrx_word' id='word_1_410' title='bbox 1053 3699 1086 3746; x_wconf 90' lang='lat' dir='ltr'>A.</span> <span class='ocrx_word' id='word_1_411' title='bbox 1113 3698 1195 3752; x_wconf 75' lang='lat' dir='ltr'>doto.</span> <span class='ocrx_word' id='word_1_412' title='bbox 1213 3703 1242 3755; x_wconf 82' lang='lat' dir='ltr'>ii.</span> 
     </span>
    </p>

    <p class='ocr_par' dir='ltr' id='par_1_10' title="bbox 190 3759 1244 3902">
     <span class='ocr_line' id='line_1_45' title="bbox 190 3759 1244 3826; baseline 0.011 -17"><span class='ocrx_word' id='word_1_413' title='bbox 190 3760 273 3824; x_wconf 72' lang='lat' dir='ltr'>Borig.</span> <span class='ocrx_word' id='word_1_414' title='bbox 289 3760 320 3812; x_wconf 77' lang='lat' dir='ltr'>(i.</span> <span class='ocrx_word' id='word_1_415' title='bbox 339 3763 398 3811; x_wconf 82' lang='lat' dir='ltr'>Pal.</span> <span class='ocrx_word' id='word_1_416' title='bbox 418 3761 609 3826; x_wconf 79' lang='lat' dir='ltr'>ecritoqnati,</span> <span class='ocrx_word' id='word_1_417' title='bbox 628 3761 657 3811; x_wconf 91' lang='lat' dir='ltr'>in</span> <span class='ocrx_word' id='word_1_418' title='bbox 671 3762 755 3826; x_wconf 79' lang='lat' dir='ltr'>Bong.</span> <span class='ocrx_word' id='word_1_419' title='bbox 770 3765 802 3812; x_wconf 88' lang='lat' dir='ltr'>A.</span> <span class='ocrx_word' id='word_1_420' title='bbox 822 3759 863 3816; x_wconf 91' lang='lat' dir='ltr'>Pl.</span> <span class='ocrx_word' id='word_1_421' title='bbox 882 3765 966 3815; x_wconf 91' lang='lat' dir='ltr'>Voss.</span> <span class='ocrx_word' id='word_1_422' title='bbox 981 3767 1015 3813; x_wconf 90' lang='lat' dir='ltr'>A.</span> <span class='ocrx_word' id='word_1_423' title='bbox 1031 3766 1114 3816; x_wconf 79' lang='lat' dir='ltr'>iinbr.</span> <span class='ocrx_word' id='word_1_424' title='bbox 1134 3769 1200 3819; x_wconf 84' lang='lat' dir='ltr'>Par.</span> <span class='ocrx_word' id='word_1_425' title='bbox 1211 3770 1244 3821; x_wconf 87' lang='lat' dir='ltr'>A.</span> 
     </span>
     <span class='ocr_line' id='line_1_46' title="bbox 191 3830 1244 3902; baseline 0.002 -23"><span class='ocrx_word' id='word_1_426' title='bbox 191 3830 383 3895; x_wconf 76' lang='lat' dir='ltr'>epritoqncti,</span> <span class='ocrx_word' id='word_1_427' title='bbox 409 3832 437 3881; x_wconf 90' lang='lat' dir='ltr'>iu</span> <span class='ocrx_word' id='word_1_428' title='bbox 453 3832 547 3881; x_wconf 80' lang='lat' dir='ltr'>liamb.</span> <span class='ocrx_word' id='word_1_429' title='bbox 568 3830 808 3898; x_wconf 74' lang='lat' dir='ltr'>Oriqnctoqnnti,</span> <span class='ocrx_word' id='word_1_430' title='bbox 833 3832 861 3882; x_wconf 88' lang='lat' dir='ltr'>ln</span> <span class='ocrx_word' id='word_1_431' title='bbox 879 3831 965 3883; x_wconf 83' lang='lat' dir='ltr'>liaen.</span> <span class='ocrx_word' id='word_1_432' title='bbox 982 3835 1083 3886; x_wconf 85' lang='lat' dir='ltr'>omissa</span> <span class='ocrx_word' id='word_1_433' title='bbox 1101 3840 1244 3902; x_wconf 73' lang='lat' dir='ltr'>praeposi.</span> 
     </span>
    </p>
   </div>
   <div class='ocr_carea' id='block_1_5' title="bbox 155 3997 1249 4203">
    <p class='ocr_par' dir='ltr' id='par_1_11' title="bbox 155 3997 1249 4203">
     <span class='ocr_line' id='line_1_47' title="bbox 207 3997 1245 4073; baseline 0.014 -27"><span class='ocrx_word' id='word_1_434' title='bbox 207 3997 235 4060; x_wconf 71' lang='lat' dir='ltr'>S.</span> <span class='ocrx_word' id='word_1_435' title='bbox 254 3997 287 4049; x_wconf 82' lang='lat'>1⁵</span> <span class='ocrx_word' id='word_1_436' title='bbox 307 3999 449 4050; x_wconf 84' lang='lat' dir='ltr'>securibus</span> <span class='ocrx_word' id='word_1_437' title='bbox 468 3999 602 4062; x_wconf 79' lang='lat' dir='ltr'>subiecta]</span> <span class='ocrx_word' id='word_1_438' title='bbox 634 3999 676 4052; x_wconf 81' lang='lat' dir='ltr'>ct.</span> <span class='ocrx_word' id='word_1_439' title='bbox 720 3999 795 4052; x_wconf 82' lang='lat' dir='ltr'>bulis</span> <span class='ocrx_word' id='word_1_440' title='bbox 825 4002 1001 4056; x_wconf 81' lang='lat' dir='ltr'>intemerato</span> <span class='ocrx_word' id='word_1_441' title='bbox 1032 4006 1186 4073; x_wconf 74' lang='lat' dir='ltr'>coniuqcm</span> <span class='ocrx_word' id='word_1_442' title='bbox 1215 4011 1245 4061; x_wconf 87' lang='lat' dir='ltr'>et</span> 
     </span>
     <span class='ocr_line' id='line_1_48' title="bbox 156 4065 1249 4139; baseline 0.013 -22"><span class='ocrx_word' id='word_1_443' title='bbox 156 4068 220 4117; x_wconf 71' lang='lat' dir='ltr'>Tac.</span> <span class='ocrx_word' id='word_1_444' title='bbox 239 4065 309 4118; x_wconf 92' lang='lat' dir='ltr'>Anu.</span> <span class='ocrx_word' id='word_1_445' title='bbox 326 4068 377 4134; x_wconf 87' lang='lat'>12,</span> <span class='ocrx_word' id='word_1_446' title='bbox 396 4066 446 4118; x_wconf 82' lang='lat'>34:</span> <span class='ocrx_word' id='word_1_447' title='bbox 471 4081 594 4132; x_wconf 80' lang='lat' dir='ltr'>qnorum</span> <span class='ocrx_word' id='word_1_448' title='bbox 611 4069 677 4120; x_wconf 83' lang='lat' dir='ltr'>cir·</span> <span class='ocrx_word' id='word_1_449' title='bbox 719 4070 878 4123; x_wconf 82' lang='lat' dir='ltr'>liberorum</span> <span class='ocrx_word' id='word_1_450' title='bbox 912 4085 1040 4139; x_wconf 81' lang='lat' dir='ltr'>corpora</span> <span class='ocrx_word' id='word_1_451' title='bbox 1075 4077 1249 4137; x_wconf 74' lang='lat' dir='ltr'>retinerent,</span> 
     </span>
     <span class='ocr_line' id='line_1_49' title="bbox 155 4137 885 4203; baseline 0.01 -14"><span class='ocrx_word' id='word_1_452' title='bbox 155 4137 222 4191; x_wconf 83' lang='lat' dir='ltr'>tote</span> <span class='ocrx_word' id='word_1_453' title='bbox 243 4137 330 4191; x_wconf 78' lang='lat' dir='ltr'>cccci</span> <span class='ocrx_word' id='word_1_454' title='bbox 352 4151 370 4190; x_wconf 85' lang='lat' dir='ltr'><em>a</em></span> <span class='ocrx_word' id='word_1_455' title='bbox 394 4138 541 4192; x_wconf 80' lang='lat' dir='ltr'>securibus</span> <span class='ocrx_word' id='word_1_456' title='bbox 565 4141 595 4192; x_wconf 86' lang='lat' dir='ltr'>el</span> <span class='ocrx_word' id='word_1_457' title='bbox 619 4139 676 4191; x_wconf 85' lang='lat' dir='ltr'>tri·</span> <span class='ocrx_word' id='word_1_458' title='bbox 722 4140 885 4203; x_wconf 75' lang='lat' dir='ltr'>(britanni).</span> 
     </span>
    </p>
   </div>
   <div class='ocr_carea' id='block_1_6' title="bbox 0 0 1354 4726">
    <p class='ocr_par' dir='ltr' id='par_1_12' title="bbox 0 0 1354 4726">
     <span class='ocr_line' id='line_1_50' title="bbox 0 0 1354 4726; baseline 0 1"><span class='ocrx_word' id='word_1_459' title='bbox 0 0 1354 4726; x_wconf 95' lang='lat' dir='ltr'> </span> 
     </span>
    </p>
   </div>
  </div>
 </body>
</html>
