2700 4726
200 311 269 378 42²
449 303 534 435 ⁸DE
559 302 745 371 aucto
777 300 1026 373 Gannico

207 517 273 583 que
299 503 358 561 aut
386 495 539 559 oratione
569 490 713 565 subdola
736 499 797 557 aui
817 491 964 557 amicitia
985 489 1146 556 facillime
1168 509 1292 576 capere

166 591 338 671 ditasset.
384 580 453 667 Qui
475 581 625 648 Avarico
652 590 842 665 expugnato
865 579 1077 662 refugerant,
1111 577 1292 643 armandos

166 681 186 741 4
209 667 466 756 vestiendosque
484 674 593 735 curat.
638 667 749 734 Simul
770 675 808 734 ut
829 665 1021 733 deminutae
1040 670 1157 753 copiae
1177 664 1293 731 redin-

206 763 438 843 tegrarentur,
459 755 603 843 imperat
625 765 754 821 eertum
779 777 952 820 nanterum
975 753 1121 825 rnilitum
1144 751 1292 819 civitati-

205 846 290 927 bus,
324 864 422 931 quern
451 850 487 909 et
514 864 615 931 quam
648 850 725 909 ante
754 841 842 909 diem
863 843 897 908 in
917 840 1175 915 eastraadduei
1197 841 1293 919 volit,

242 1034 304 1086 edd.
322 1036 388 1084 ente
404 1034 503 1083 Aldom
522 1033 623 1084 habent
646 1044 695 1085 eoo
712 1030 792 1082 ionio
806 1030 1061 1095 pollicitationem
1079 1032 1143 1088 (eos
1161 1041 1179 1080 a
1196 1043 1233 1081 m.
1251 1041 1294 1090 or.

242 1101 320 1155 Vret.
338 1104 368 1151 B.
394 1114 430 1153 eo
446 1103 516 1151 Veu.
535 1102 578 1151 de.
603 1102 687 1152 donis
705 1101 783 1152 Gerr.
801 1103 861 1152 oud.
878 1103 954 1153 Turn.
975 1104 1017 1153 ed.
1035 1101 1109 1150 Flos.
1130 1100 1203 1161 opud
1222 1099 1294 1149 liro·

241 1177 307 1224 tum.
323 1170 625 1234 noumlotiooiouibao
642 1173 726 1234 Bong.
743 1172 777 1222 A.
796 1171 836 1223 vt.
854 1173 919 1221 aute
936 1181 1007 1220 corr.
1021 1167 1294 1234 aoawitotionilae·

242 1255 296 1307 que
319 1241 398 1291 Gerr.
424 1242 466 1289 ed.
486 1241 562 1290 Flor.
587 1241 659 1301 apud
682 1236 825 1304 Brutum),
852 1251 965 1303 quorum
990 1241 1106 1291 medium
1123 1240 1195 1289 haud
1213 1237 1294 1287 duoie

241 1319 396 1372 corruptum
413 1312 491 1358 etex
508 1308 591 1360 donis
607 1312 695 1359 ertum
714 1312 767 1373 est,
787 1313 934 1358 extremum
953 1311 1047 1359 durum
1065 1314 1094 1357 et
1111 1305 1229 1359 caesari
1246 1306 1292 1357 in-

242 1379 352 1429 solitum
375 1379 528 1440 asyndeton
546 1377 631 1441 iacit,
664 1379 734 1442 quod
753 1386 843 1427 tamen
860 1378 1006 1427 Diones-us
1023 1376 1144 1439 recepit,
1176 1372 1292 1438 primurn

243 1460 329 1510 neque
347 1449 430 1497 verbo
446 1448 576 1511 allicere,
594 1448 665 1509 quod
684 1446 789 1497 rectius
806 1448 841 1496 ad
858 1447 1013 1510 singulares
1030 1447 1162 1507 nominos,
1181 1447 1211 1495 nt
1229 1447 1248 1496 Ι.
1266 1447 1292 1493 a.

242 1519 260 1574 Ι,
281 1529 316 1581 c.,
334 1528 413 1579 qoam
431 1518 467 1565 ad
486 1516 615 1566 civitates
634 1517 765 1579 refertor,
784 1528 872 1576 neque
889 1516 1017 1567 adiuncto
1034 1514 1118 1565 donis
1136 1513 1207 1563 satis
1224 1524 1293 1564 oon-

242 1585 338 1634 venire
358 1585 476 1634 videtur.
511 1585 662 1634 Universos
686 1585 756 1634 enim
774 1581 984 1648 Vercingetorix
1010 1598 1062 1635 non
1080 1582 1164 1635 facile
1181 1586 1293 1648 poteret

243 1656 424 1718 innocense,
443 1652 469 1702 ui
487 1654 622 1715 principes
640 1652 696 1703 sibi
714 1653 907 1719 conciliasset,
925 1667 993 1714 onus
1009 1654 1133 1704 habebat.
1168 1651 1293 1714 Denique

243 1725 381 1773 modorum
400 1723 549 1773 diversitas
569 1726 598 1772 et
616 1726 677 1782 post
693 1723 868 1787 odlaaaerei
885 1723 1019 1784 repetitus
1037 1721 1204 1772 indicativus
1224 1723 1292 1771 alli-

242 1793 323 1842 cetat
341 1789 505 1841 obiectorum
524 1793 690 1842 commendat
709 1792 908 1843 diversitatem.
944 1793 994 1840 llis
1014 1793 1047 1842 de
1066 1790 1160 1841 causis
1177 1789 1292 1853 princi-

241 1874 292 1924 pes
317 1869 419 1911 temere
438 1860 584 1927 omissum,
616 1862 711 1911 deiude
728 1872 831 1912 sarain
848 1861 1011 1911 necessario
1030 1863 1164 1910 mutatum
1184 1860 1214 1909 iu
1231 1873 1291 1923 ecc,

241 1931 314 1981 sieut
331 1938 458 1991 corrupto
476 1932 560 1987 danic
578 1928 606 1979 la
623 1929 703 1979 ionio
720 1931 835 1979 eiectum
857 1943 911 1993 que
930 1930 1047 1980 videtur.
1302 1987 1307 1994 ,

275 1998 302 2058 S.
320 2001 338 2047 2
356 2011 467 2060 querunt
487 1999 599 2062 quisque
618 2006 666 2048 aut
684 1998 988 2050 oratione—lacinioso
1007 2009 1107 2060 canere
1125 1997 1236 2060 posset]
1259 1995 1292 2046 iu

242 2066 285 2133 liis
307 2079 431 2132 quarm
458 2070 577 2131 amque
594 2070 692 2118 desunt
712 2068 792 2119 Vret.
811 2070 859 2131 A.;
892 2080 940 2130 pro
957 2071 1010 2119 uui
1028 2070 1107 2128 hias.
1123 2068 1164 2117 lu.
1183 2067 1232 2116 Gr.
1251 2068 1290 2130 et,

239 2136 439 2196 praecatione
461 2138 542 2187 vind.
559 2138 594 2187 A.
613 2136 770 2198 orationes,
788 2137 836 2186 Gr.
855 2138 971 2188 rumne
990 2138 1131 2198 exitiosum
1152 2134 1291 2202 facillime

238 2205 267 2255 iu
287 2207 333 2255 Dr.
354 2207 384 2255 B.
408 2205 490 2255 Vind.
510 2207 539 2258 B.
562 2205 708 2270 omissum,
739 2207 768 2255 in
788 2207 834 2254 Dr.
856 2208 890 2256 A.
910 2205 1026 2270 margini
1045 2205 1213 2267 adscriptum
1230 2214 1291 2264 est3

237 2272 380 2338 (facilitas
398 2275 469 2323 Gott.
491 2275 559 2325 er.
577 2275 658 2324 Vrat.
679 2274 710 2323 G.
733 2271 843 2340 ilamb.)
864 2286 987 2341 cupere,
1021 2287 1069 2333 oro
1092 2288 1145 2339 quo
1164 2275 1238 2327 fluv.
1255 2276 1291 2323 A.

239 2344 321 2393 vind.
339 2345 373 2392 A.
391 2344 452 2392 Ald.
472 2350 500 2390 et
516 2355 576 2404 sqq.
592 2351 637 2404 et,
655 2341 679 2390 si
696 2342 738 2390 Pl.
755 2344 892 2394 silentium
908 2355 960 2394 uon
978 2344 1063 2405 fallit,
1080 2344 1140 2405 ipse
1159 2344 1244 2407 Bona,
1255 2345 1291 2393 A.

238 2413 304 2474 copi
331 2413 446 2474 habent,
475 2421 493 2458 u
516 2409 656 2473 plerisque
680 2412 755 2460 codd.
783 2422 810 2460 et
834 2413 869 2462 ab
887 2415 947 2461 edd.
966 2415 1030 2462 anto
1048 2410 1145 2462 Aldum
1164 2415 1246 2465 abest
1262 2421 1292 2460 ec

239 2484 344 2529 tarrtum
373 2480 398 2527 iu
422 2481 505 2541 Bong.
526 2482 560 2527 A.
581 2488 609 2528 et
627 2481 695 2529 Lov.
715 2482 786 2530 teste
804 2481 871 2531 oud.
891 2479 1289 2546 (innov.seeuuuun1laor.

238 2556 300 2607 nost
315 2545 427 2612 oursel)
445 2551 472 2597 el
493 2548 520 2595 in
538 2547 588 2595 Dr.
605 2549 638 2597 A.
660 2557 687 2595 et
704 2548 785 2599 vind.
803 2550 833 2598 11.
851 2552 961 2614 legitur,
996 2551 1048 2600 liic
1065 2562 1170 2615 quoque
1188 2560 1292 2602 mutere

238 2617 461 2677 praetermissum
485 2614 589 2679 aliquid
614 2616 642 2666 iu
666 2616 784 2668 maxima
810 2623 888 2682 perte
912 2617 1034 2669 codicum
1059 2621 1178 2672 videtur.
1220 2623 1291 2671 Nam

237 2685 326 2748 ipsum
344 2686 488 2748 eripiorem
505 2685 632 2734 omisisse
649 2687 763 2736 verbum
783 2697 811 2736 et
828 2688 948 2739 allicere
965 2689 1043 2739 nobis
1061 2689 1223 2741 audiendum
1241 2703 1290 2738 ro-

234 2753 365 2817 liquisse,
393 2754 613 2816 quemadmodum
636 2755 732 2804 statuit
756 2757 915 2825 Dribnerus,
949 2766 997 2807 aut
1017 2770 1103 2822 posse
1120 2761 1291 2820 prevalere

235 2823 349 2880 dixisse,
366 2834 436 2886 quae
452 2823 558 2874 Glarkii
576 2830 604 2872 et
617 2824 720 2884 Apitzii
738 2825 828 2888 opinio
844 2831 898 2891 est,
916 2829 1018 2888 pariter
1033 2839 1050 2877 a
1067 2841 1135 2877 vero
1152 2830 1291 2881 abhorret.

234 2892 360 2942 Allicore
384 2892 454 2941 enirn
480 2893 593 2943 veritum
618 2894 747 2943 remotius
770 2905 828 2960 est,
859 2909 946 2958 eaque
963 2897 1035 2947 actio
1052 2897 1291 2962 Vercingetorigis

182 2984 187 2994 ·
234 2963 298 3011 erat
323 2961 395 3010 dona
414 2961 554 3012 offerentis
574 2963 654 3025 alque
671 2965 854 3032 ostendentis,
885 2967 981 3028 quibus
997 2966 1170 3030 perferendis
1186 2967 1290 3019 delean

248 3130 307 3194 §.a
325 3129 724 3198 Qui-refugerant,arntan-
767 3132 836 3184 tatis
867 3124 1026 3186 declaratae
1059 3136 1289 3202 slgnitioatlonotn

197 3197 391 3265 dos-curat]
411 3198 453 3251 De
470 3203 564 3263 elliosi
581 3203 723 3265 pronomi-
767 3204 880 3265 deponit
910 3209 939 3256 et
967 3206 1117 3258 iniunctam
1147 3210 1289 3273 siguificat

196 3269 242 3319 nis
261 3267 474 3321 oeneustretivi
492 3273 528 3321 ai.
547 3273 582 3320 ad
600 3273 635 3337 5,
659 3271 722 3332 88.
766 3274 918 3323 adducendi
939 3278 1152 3343 necessitatem,
1185 3279 1216 3329 iu
1233 3292 1292 3342 qua

197 3340 229 3404 1,
248 3339 399 3389 sedetiam
418 3339 619 3404 udl‚7s.8
638 3342 721 3395 dicta.
765 3341 948 3406 interrogatio
979 3347 1067 3397 locuni
1102 3360 1159 3399 non
1195 3350 1288 3401 11111111.

248 3407 274 3467 S.
292 3405 311 3457 4
330 3422 410 3470 quem
426 3418 454 3458 et
470 3423 551 3475 quam
565 3411 631 3461 ante
649 3410 721 3460 diem
763 3410 862 3472 ltaque
880 3412 906 3462 si
923 3417 1016 3466 tantan
1035 3430 1117 3482 quern
1129 3418 1289 3483 interroga-

193 3472 225 3525 ln
244 3479 339 3528 castra
356 3480 455 3529 adduci
473 3479 555 3546 velit]
582 3480 649 3530 curu
667 3481 719 3530 du·
763 3481 849 3530 tivum
861 3485 914 3545 est,
926 3485 962 3534 ad
973 3486 1135 3541 declarandi
1147 3488 1176 3537 et
1189 3492 1288 3539 osteu-

193 3546 280 3595 ltitari
295 3551 424 3615 nequeat,
443 3550 509 3612 quin
526 3563 611 3615 qaum
627 3551 717 3599 inter·
761 3550 987 3603 dendinotionern
997 3558 1098 3606 reierri
1108 3559 1197 3621 dehet,
1213 3570 1286 3619 quae

116 3630 121 3635 ·
193 3615 350 3677 rogativam
368 3621 422 3682 ait,
451 3630 535 3682 ouem
555 3620 649 3669 eadem
667 3630 716 3667 ra·
760 3618 790 3668 in
806 3623 921 3683 propria
936 3625 1016 3675 verbi
1029 3627 1178 3691 imperare
1194 3626 1286 3691 signi·

193 3682 270 3733 tione
293 3684 395 3736 dictum
419 3699 484 3738 esse
501 3690 718 3738 consentaneum
759 3688 888 3742 ficationo
918 3696 1045 3756 quamvis
1074 3695 1202 3757 deposita
1233 3698 1286 3748 11111

193 3754 253 3815 est,
278 3753 332 3802 etsi
349 3758 412 3816 nost
430 3756 545 3807 certam
563 3769 717 3808 nurneram
758 3758 842 3826 inest,
861 3765 891 3811 ut
909 3767 1015 3813 eertum
1033 3777 1177 3819 ursmarum
1195 3765 1285 3829 impe-

175 3819 716 3892 .relativumexspectaridebebat,quod
758 3840 826 3878 rans
849 3831 1063 3899 Vercingetorix
1089 3836 1172 3885 simol
1193 3836 1283 3899 irnpe-

191 3887 282 3951 ipsum
311 3902 398 3952 sopra
427 3906 451 3942 c.
477 3897 509 3943 11
534 3894 560 3953 S.
586 3895 602 3945 5
627 3897 716 3948 eidem
757 3910 823 3949 rare
840 3901 964 3968 dicatur,
995 3916 1075 3967 quern
1092 3913 1285 3957 numerantes

191 3959 278 4007 verbo
296 3961 448 4010 subiectum
465 3964 601 4013 vidimus:
626 3978 715 4030 quoe·
757 3980 840 4031 quam
857 3975 923 4022 ante
940 3973 1012 4023 diem
1028 3974 1056 4023 in
1072 3979 1171 4026 castra
1183 3975 1285 4027 adduci

191 4037 246 4108 que
263 4028 301 4107 ad
316 4041 377 4079 ecto
392 4043 456 4083 rem
468 4036 534 4084 usui
548 4035 618 4098 slot,
636 4036 713 4086 naill—
756 4040 843 4103 velit,
868 4043 942 4091 sicut
959 4055 981 4092 c.
1003 4046 1036 4093 16
1053 4043 1080 4104 s.
1099 4049 1115 4094 2
1135 4047 1169 4096 do
1187 4046 1284 4095 eodem

189 4096 263 4176 alas
277 4102 412 4160 imperat.
447 4102 517 4153 Nam
529 4104 579 4155 illo
593 4117 711 4156 accusa·
756 4108 857 4160 dieitur
881 4112 949 4176 qvod
966 4110 1034 4177 fieri
1054 4115 1160 4178 acuet,
1192 4115 1284 4180 inae-

115 4187 119 4201 ·
188 4168 248 4217 tivo
272 4173 414 4232 assumpto
439 4171 587 4238 imperare
609 4177 710 4229 volun·
754 4179 847 4232 roiat-
