2700 4726
278 344 283 355 .
308 368 314 376 ¹
392 297 500 383 bib„
518 299 601 373 vli.
654 299 756 373 GAP
787 304 833 374 2³
1083 305 1152 375 4⁰7

65 486 127 553 ianr
150 483 284 573 relique
306 491 405 575 parte
427 488 537 555 noetis
564 499 789 577 pugnaretur,
825 510 1022 579 semperque
1042 488 1150 556 bosti-

64 574 124 641 bue
144 593 226 663 spes
247 572 410 643 victoriae
431 574 722 663 redintegraretur
741 599 781 645 eo
804 580 928 665 magis,
951 575 1043 665 quod
1066 576 1149 642 deu·

64 668 133 753 otus
162 661 298 751 pluteos
324 662 469 729 turrium
496 663 655 731 videbant
686 688 745 733 nee
770 666 869 731 facile
893 665 988 731 adire
1011 672 1149 753 apertos

63 749 103 817 ad
125 747 359 817 auxiliandum
380 750 700 833 animadvertebant,
720 775 789 821 sem
816 774 918 839 arque
940 753 1010 840 ipsi
1032 774 1147 818 reeen-

60 844 111 905 tes
139 836 287 903 defossis
315 838 535 905 succederent
562 861 758 929 omnemque
814 842 913 907 aliiae
942 842 1086 906 salutern
1112 840 1146 905 in

59 926 120 993 iiio
143 922 291 1012 vestigio
312 927 476 1012 temporis
497 928 642 1013 positam
664 929 929 1009 arbitrarentur,
948 926 1071 993 accidit
1093 927 1146 992 in·
1222 998 1228 1007 ,

60 1012 295 1103 ιριοιιιιιίιιιιι
324 1013 423 1081 nobis
450 1013 542 1100 quod
571 1013 708 1104 dignum
730 1017 888 1082 memorie
916 1014 1024 1083 visum
1047 1034 1146 1101 prae-

59 1098 257 1168 tereundum
292 1120 359 1167 non
387 1100 662 1172 existimavimus.
713 1101 858 1191 Quidam
897 1110 974 1168 ante
1011 1097 1188 1189 portant

59 1186 176 1279 oppidi
198 1185 333 1271 Gallus,
354 1189 413 1277 qui
434 1210 496 1277 per
518 1212 637 1258 manus
660 1194 733 1259 sevi
755 1212 795 1258 ao
808 1191 894 1281 picis
910 1188 1056 1256 traditae
1074 1191 1145 1276 gle-

88 1380 151 1431 den
174 1374 326 1430 minuetum
351 1391 416 1430 esse
440 1378 591 1433 verisimile
615 1380 670 1450 eit,
700 1389 729 1433 et
748 1382 817 1445 quod
835 1382 869 1433 ad
891 1382 979 1433 erant
998 1380 1029 1431 ιιι
1045 1390 1144 1444 opere,

88 1459 146 1501 uon
170 1448 208 1499 ad
230 1448 410 1513 recubabant
432 1451 617 1502 additament
641 1452 764 1517 partitis
787 1451 981 1515 temporibus,
1013 1450 1144 1500 excubiae

89 1516 200 1583 quidem
223 1530 272 1580 per
289 1521 374 1570 totam
395 1529 502 1570 noctem
519 1516 635 1587 iisdem,
665 1535 734 1582 opus
753 1534 820 1573 vero
837 1533 889 1571 non
908 1520 972 1570 item
989 1519 1144 1570 iaciendum

63 1641 67 1649 ,
88 1584 180 1637 tuisse
197 1586 375 1639 demonstrat.
410 1590 463 1638 sed
481 1589 564 1640 iectio
580 1591 630 1651 ilie
648 1591 732 1643 eiiam
748 1590 866 1641 admittit
883 1588 1143 1651 interpretationem.
1228 1598 1233 1609 ’

88 1654 223 1717 britanne
235 1656 308 1707 eninr
326 1655 459 1722 legiones,
474 1669 545 1722 qnae
561 1664 671 1721 praeter
688 1660 758 1711 duas
773 1660 944 1709 excubentes
961 1671 1011 1708 sex
1029 1667 1143 1708 nurnero

88 1730 189 1790 eraut,
213 1729 349 1777 nocturna
367 1734 489 1789 arraona
505 1728 546 1778 ita
563 1729 665 1789 pertita
683 1731 785 1780 babere
801 1734 964 1793 potuerunt,
987 1729 1019 1775 nt
1036 1727 1142 1775 dnobus

88 1794 185 1845 iebore
209 1793 313 1845 iunetis
337 1797 408 1846 dnae
431 1793 504 1846 aliae
529 1799 717 1849 succederent.
760 1797 805 1847 sio
833 1795 948 1860 singuiis
978 1794 1143 1856 winterthur

88 1864 174 1928 duee,
191 1862 308 1926 singulis
327 1872 417 1915 autern
435 1864 561 1916 noctibus
579 1867 681 1930 piures,
699 1875 780 1928 quern
799 1867 868 1916 duae
886 1875 994 1925 semper
1013 1864 1040 1914 in
1058 1873 1142 1926 opere

88 1942 188 1996 orent,
221 1936 379 1984 constantes
398 1932 467 1984 iliae
484 1946 520 1984 ex
538 1934 579 1984 bis
598 1938 677 1986 terve
694 1935 814 2000 duabus,
832 1934 930 1997 quibus
946 1932 1057 1996 singula
1073 1937 1143 1982 tern-

78 2000 158 2065 'pore
174 2002 323 2063 partitione
340 2004 518 2055 obvenerant.
554 2003 650 2066 ltaque
667 2003 807 2067 suspicari
824 2005 888 2053 iicet
906 2001 991 2064 duae,
1009 2006 1038 2051 ιιι
1055 2001 1142 2063 magis

89 2067 232 2187 degngun
249 2071 342 2135 reique
359 2071 500 2135 praesenti
517 2073 756 2139 accommodatum,
774 2071 803 2122 in
816 2071 1036 2133 benemeridibus
1053 2072 1143 2121 locunt

89 2142 125 2191 be
144 2152 163 2190 ιι
190 2150 230 2188 se.

125 2202 197 2271 cop.
220 2204 264 2259 25.
288 2206 316 2269 S.
339 2205 355 2258 1
388 2206 495 2270 pluteos
513 2207 641 2270 turrium]
672 2207 747 2277 „sie
766 2206 842 2258 MSS.
860 2214 888 2256 et
910 2208 977 2257 iidd.
995 2204 1071 2256 vett.
1090 2217 1144 2255 non

90 2278 114 2331 t.
130 2272 203 2343 'af‘
228 2279 253 2329 t.
267 2278 309 2341 ot.
328 2276 409 2329 aab.
430 2279 496 2329 Wb.
513 2280 562 2331 Dr.
578 2282 614 2330 Δ.
632 2280 714 2331 Vrat.
732 2280 763 2326 B.
780 2276 863 2327 Vind.
881 2278 912 2330 B.
929 2276 982 2327 (iu.
1003 2276 1052 2327 tir.
1070 2276 1143 2326 Dav.

90 2346 133 2399 cl·
150 2345 206 2411 (pl.
226 2346 339 2397 tarium
357 2346 469 2406 Hamb.)

130 2415 404 2475 animadvertebant]
456 2413 648 2466 advertebant
684 2416 744 2471 Pet.
793 2416 921 2468 animam
954 2410 1145 2464 advertebant

89 2480 162 2535 And.
179 2484 231 2539 ox.
249 2486 336 2544 (ilar.
354 2482 404 2546 A.)
423 2485 490 2535 0nd.
507 2484 553 2545 qui
569 2495 629 2534 earn
648 2485 784 2537 scribendi
802 2487 933 2537 rationem
950 2483 977 2531 in
992 2480 1144 2544 superiori-

90 2552 145 2603 bus
162 2554 240 2604 libris
257 2554 366 2606 omnino
383 2553 435 2619 bis,
455 2554 483 2616 i,
501 2552 537 2602 24
555 2552 583 2613 S.
606 2556 619 2603 ι
640 2563 668 2603 et
686 2555 714 2622 5,
733 2556 767 2606 18
783 2554 810 2615 S.
828 2558 862 2621 2,
879 2567 898 2605 a
915 2551 1054 2601 codicibus
1073 2550 1145 2600 satis

90 2630 179 2673 tutent
204 2636 265 2674 curn
293 2622 410 2673 Daniele
433 2621 554 2671 exhibuit
579 2625 753 2687 (quamquam
774 2627 807 2675 b.
827 2625 843 2675 5
863 2621 1073 2674 coirandvertit
1091 2632 1144 2669 non

91 2694 181 2743 solutu
199 2693 227 2743 in
246 2688 321 2743 Vrat.
341 2696 372 2742 A·
391 2690 471 2742 Gotb.
490 2693 522 2739 Α.
540 2690 621 2744 Vind.
637 2695 692 2743 BD.
711 2694 856 2745 sedetiam
876 2693 904 2743 in
918 2694 989 2742 iiav.
1004 2687 1037 2739 Α.
1060 2688 1144 2742 Vind.

91 2764 125 2811 Δ.
151 2765 180 2811 et
204 2774 262 2812 see.
289 2761 438 2814 Wbittinrn
463 2760 492 2811 in
512 2759 586 2809 Gott.
610 2763 656 2812 cui
680 2764 763 2814 Febr.
783 2763 945 2813 divisionem
964 2758 1076 2823 tribuit,
1093 2769 1144 2805 ex-

92 2834 165 2891 eret]
185 2830 213 2880 in
231 2830 343 2895 reliquis
360 2830 430 2881 ineis
447 2829 507 2879 iere
524 2841 559 2877 ex
577 2843 631 2882 nno
648 2833 789 2883 duobusve
805 2832 920 2881 alterius
938 2828 1047 2893 generis
1064 2826 1156 2876 libris¹

91 2898 208 2961 recepit.
242 2895 1093 2965 ci.i,3zs.3.2bs.b·258.1.128.5.1,528.1.

125 2980 284 3032 ornnenrque
301 2968 411 3020 (initiae
429 2969 544 3016 salutem
558 2968 586 3017 in
602 2968 650 3020 iiio
664 2972 780 3036 vestigio
791 2968 923 3033 temporis
936 2968 1052 3030 positam
1068 2962 1144 3014 arbi-

90 3036 245 3106 trarentur]
266 3048 317 3089 orn.
336 3037 417 3089 vind.
437 3036 470 3088 D.
490 3036 550 3085 edd.
575 3048 639 3089 ante
656 3040 717 3089 Ber.
735 3041 899 3106 (certareque
916 3037 1046 3087 eterni.
1063 3034 1144 3085 Vrat.

89 3106 122 3160 0.
148 3108 231 3159 Gotb.
250 3108 282 3158 B.
298 3130 333 3144 -
349 3106 475 3170 positam
492 3105 697 3157 dubitarentur
714 3111 811 3160 flarnb.

124 3174 365 3241 praetereundum]
390 3177 686 3239 praetermittendam
710 3176 778 3230 And.
797 3179 850 3229 Ox.
870 3191 930 3228 curn
948 3177 1009 3227 edd.
1028 3178 1146 3237 excepta

89 3258 149 3295 see.
167 3246 269 3297 Eiberi.
286 3246 341 3295 ino.
362 3247 496 3295 omnibus.

123 3316 153 3377 8.
172 3318 190 3365 2
208 3312 269 3382 qni]
288 3314 324 3368 V.
343 3314 374 3369 0.
392 3316 457 3364 Ure.
475 3310 544 3364 And.
562 3311 616 3365 01.
632 3311 708 3363 bein.
724 3317 757 3371 Δ.
778 3316 850 3365 iiav.
863 3316 898 3365 A.
917 3314 999 3366 vind.
1016 3317 1048 3363 Α.
1066 3311 1146 3375 laios.

90 3396 154 3448 sqq.
178 3394 233 3436 nnn.
259 3383 360 3449 reliqui
381 3384 491 3436 codices
509 3391 537 3432 et
554 3380 687 3433 editiones
705 3387 768 3435 ante
786 3385 861 3448 bine.
880 3398 931 3436 uec
949 3384 1017 3449 legit
1034 3383 1146 3462 Petrar7

107 3553 179 3619 ccc.
192 3550 305 3615 ater
325 3555 435 3617 pluteos
449 3550 581 3613 turrium]
624 3552 754 3605 tudinem
776 3550 881 3604 obsidia
907 3551 1108 3605 contebantur
1132 3564 1149 3602 e

58 3624 174 3681 curtius
190 3623 223 3686 b,
242 3628 260 3674 ³
276 3621 305 3685 9·
323 3624 343 3677 7
359 3626 435 3686 (cap.
456 3625 496 3673 ιιι
516 3624 582 3684 ωε
623 3624 730 3675 sintina
747 3625 776 3675 et
792 3620 896 3673 ciliciis
912 3625 959 3674 ael
973 3621 1062 3672 coriis
1075 3631 1149 3685 pro-

58 3706 200 3761 ramque
231 3694 358 3745 nteterio
390 3691 520 3744 erottbac
552 3693 583 3743 et
624 3694 765 3757 tenantur
779 3691 928 3756 ternisque
942 3692 1059 3756 rotalis,
1076 3704 1150 3754 αμα-

56 3766 165 3833 anteit
181 3762 343 3829 smerdis,
361 3764 396 3812 nt
415 3763 463 3826 qni
480 3764 583 3812 turrea
624 3774 693 3812 rom
713 3774 772 3814 non
788 3762 820 3811 tn
834 3761 938 3824 medio,
957 3762 1031 3813 dane
1051 3762 1083 3811 ιη
1097 3772 1149 3810 eo-

57 3834 267 3894 moerent,
296 3836 387 3883 entra
406 3831 457 3883 teti
473 3832 583 3880 metant
624 3831 730 3896 pittone
759 3834 963 3899 apponantur,
993 3832 1024 3883 in
1048 3841 1150 3896 qaam

57 3904 164 3958 eareat.
199 3901 333 3951 Similiter
351 3903 377 3951 b.
390 3902 411 3950 i.
432 3899 520 3962 plutei
537 3900 581 3949 in·
625 3912 738 3965 cunque
751 3900 869 3964 partem
886 3902 1030 3967 volneris,
1050 3901 1151 3951 admo-

58 3971 233 4037 ternretuudi
259 3971 390 4022 videntur
417 3970 454 4035 ii,
487 3968 583 4030 quibus
626 3973 735 4021 nentur
753 3979 836 4021 ruere
854 3971 998 4033 carpereti,
1018 3969 1151 4035 quemad·

58 4039 582 4107 protectinriiitesanteaadruovissent‚
625 4039 734 4089 modurn
759 4038 857 4089 scribit
874 4039 1014 4103 Vegetias'
1031 4043 1065 4101 t,
1099 4037 1150 4099 153

59 4118 126 4164 tune
142 4112 310 4163 reducerent
329 4115 440 4176 turres,
467 4121 522 4159 non
539 4109 583 4157 di·
627 4108 674 4172 qui
693 4108 719 4156 ei
736 4120 798 4157 enar
813 4109 877 4158 imis
895 4109 1018 4160 turribus
1035 4106 1152 4160 coniun-

60 4182 140 4237 rerei
155 4180 202 4235 bb
219 4182 256 4233 ab
275 4181 328 4245 iis,
357 4180 407 4247 uei
423 4178 464 4233 ad
480 4177 584 4233 eandi-
626 4178 666 4231 ιιι
685 4182 776 4245 erant,
792 4178 887 4247 plutei
902 4180 1035 4233 territent
1053 4178 1152 4228 dicun-
