2700 4726
76 318 83 331 ·
180 244 314 356 tm'
434 274 1008 351 nnn-nn-tocncrrco

180 472 311 548 selant,
331 418 374 534 'et
398 491 462 535 neu
484 489 597 535 rerum
626 469 893 536 necessariarum
923 475 959 533 et
989 467 1157 552 dignitate
1180 488 1283 554 spu-¹

131 561 159 622 ⁴6
180 559 298 625 lictum
323 555 379 624 iri.
420 556 512 626 Nem
529 557 571 623 de
594 558 767 645 equitibus
787 551 953 636 huetium,
976 557 1057 644 quin
1078 573 1175 621 nemu
1200 575 1258 620 cn-

179 666 253 719 rutn
274 641 434 733 progredi
456 644 555 711 mutin
576 653 672 711 extra
694 666 812 733 agmen
834 641 975 726 audent,
1002 665 1044 710 ne
1066 644 1164 732 ipses
1181 644 1259 730 qni-

214 836 268 890 lun
287 837 361 889 ven.
376 835 397 886 i.
420 836 461 888 st.
489 835 595 897 credet
612 833 773 900 conlimitat
796 832 873 886 [reid.
893 835 928 884 Α.
960 833 1110 901 contineat
1132 829 1262 899 confidat

213 909 279 957 ente
304 916 376 958 cerr.
396 906 492 957 licmb.
528 905 571 957 dt.
596 907 632 957 ad
647 903 790 957 ieiunat
813 918 838 955 c.
859 900 894 954 64
919 902 981 965 §.2
1008 904 1165 969 adscripta,
1190 914 1262 966 quae

215 976 240 1025 si
265 975 382 1038 probas,
412 971 536 1028 Daebnic
562 977 588 1025 b.
609 976 628 1026 l.
653 973 787 1025 immerita
809 971 969 1040 confidebat
993 972 1131 1038 placuisse
1155 985 1264 1024 mecum

212 1044 326 1096 senties.

246 1112 274 1173 S.
289 1115 307 1162 6
331 1126 365 1163 ne
383 1111 460 1177 iptcs
477 1114 598 1177 quidem]
623 1111 696 1177 „Sic
715 1110 766 1163 cu.
783 1112 811 1162 8.
827 1108 956 1163 ΙιοίᾱιΑ.
982 1111 1033 1162 tir.
1051 1110 1121 1163 And.
1140 1111 1169 1159 et
1187 1110 1259 1160 elin·

214 1192 282 1236 runt.
316 1181 373 1234 blei
395 1183 495 1246 reliqui
518 1186 548 1234 ei
569 1182 637 1234 ltdd.
655 1196 698 1244 pp.
724 1182 754 1233 et
769 1179 791 1245 i.
811 1192 838 1245 q.
855 1193 921 1231 ncne
955 1179 1012 1230 Nec
1037 1178 1117 1231 male.
1151 1179 1261 1229 Graece

213 1245 327 1303 e'nin.“
358 1253 389 1303 ct
405 1251 424 1304 i.
442 1263 469 1318 q.
489 1254 557 1305 [ccv.
574 1253 610 1303 ub
626 1249 739 1302 Heinsio
757 1251 822 1303 cnll.
840 1251 871 1302 ei
888 1250 906 1300 i.
946 1261 1029 1301 aton
1047 1249 1129 1297 Voss.
1145 1252 1179 1298 Α.
1197 1247 1261 1302 Pet.

212 1322 290 1384 ilgru.
309 1321 382 1374 (icit.
400 1321 469 1373 labb.
487 1323 570 1384 llcng.
589 1323 621 1372 A.
643 1321 706 1377 Per.
723 1320 757 1373 ll.
775 1319 823 1369 Dr.
839 1320 894 1372 llll.
938 1326 990 1369 rat.
1005 1312 1088 1368 ABG.
1104 1319 1183 1368 Goth.
1203 1318 1261 1366 Ali.

199 1384 674 1443 'nanb.tin.vind.cltll1.edd.
695 1392 759 1439 ante
776 1390 838 1438 Ald.
871 1391 937 1448 (ne)
959 1387 978 1437 i.
999 1399 1026 1451 q.
1044 1391 1103 1436 ιιόιι
1126 1386 1210 1436 Vinii.
1230 1386 1263 1435 lt.

216 1460 279 1520 Qua
301 1468 392 1511 mente
415 1459 483 1510 (ind.
509 1459 653 1511 lectionem
684 1466 748 1509 aute
775 1458 872 1508 Aldnnr
898 1457 1038 1521 vulgatam
1068 1468 1120 1506 non
1149 1457 1261 1518 malens,

213 1528 313 1591 quidve
330 1528 359 1579 iu
376 1539 411 1580 eu
421 1528 516 1580 simile
532 1529 653 1580 Graecis
662 1526 824 1579 dictionibus
841 1529 888 1577 eal
904 1527 1019 1588 copulae
1038 1518 1070 1575 οὒ
1086 1526 1263 1589 negationem

217 1597 375 1657 adiunctam
393 1598 550 1648 habentibus
572 1610 635 1648 esse
653 1597 796 1663 statuerit,
818 1594 927 1662 nescio,
952 1606 1039 1658 neque
1056 1607 1106 1644 cur
1122 1595 1191 1644 illud
1211 1588 1262 1642 In-

174 1674 203 1711 n.
216 1664 319 1718 lienum
342 1679 406 1716 esse
432 1667 614 1718 aiiirrnavcrlt
637 1666 783 1731 Apitzins,
808 1665 955 1715 llitbuerns
979 1664 1049 1714 idem
1079 1662 1108 1711 in
1137 1664 1262 1713 ordinem

213 1734 368 1797 receperit,
384 1734 453 1797 ipsis
472 1736 626 1786 tacentibus
645 1736 736 1786 dicere
754 1747 880 1796 possum
898 1734 945 1783 sed
963 1734 1074 1782 eandem
1092 1729 1125 1780 iis
1139 1732 1167 1781 in
1180 1734 1261 1782 nira-

215 1814 268 1869 qne
291 1803 410 1856 lectione
433 1805 596 1855 seutentiam
619 1804 711 1854 inesse
735 1817 785 1855 nec
810 1801 865 1853 nisi
890 1807 1000 1864 propter
1017 1800 1125 1850 codices
1143 1803 1262 1852 alteram

216 1873 264 1922 uel
287 1872 515 1934 aequiparandam
540 1874 587 1922 vel
611 1873 821 1935 praeferendam
840 1873 956 1923 Aldinae
975 1869 1065 1920 visam
1082 1882 1145 1920 esse
1163 1871 1260 1933 suspi-

180 1990 183 1995 ,
216 1953 274 1991 cor.
317 1943 407 2005 Atque
431 1940 470 1992 ita
496 1943 656 2002 lireuerns,
679 1942 723 2006 qni
747 1948 776 1990 et
800 1941 858 2003 lpse
884 1944 1000 1992 alteram
1022 1937 1169 2004 praetulit,
1199 1951 1262 1989 eam

214 2011 412 2069 interpretatus
436 2015 493 2061 est:
525 2013 595 2062 uueb
618 2009 659 2061 sle
690 2015 789 2070 (wenn
813 2013 883 2061 anch
905 2010 953 2061 mit
975 2011 1028 2059 den
1049 2007 1263 2058 Verbiltnissen

215 2079 340 2143 wenigcr
363 2081 614 2143 genaubeltauut,
641 2081 684 2131 uls
705 2084 754 2130 der
770 2079 924 2139 ‘lleldltern
948 2078 1056 2127 diiriten
1079 2079 1164 2127 daran
1187 2078 1264 2128 nicltt

216 2148 367 2212 zweifeln,
394 2160 425 2198 sn
441 2149 563 2202 bekannt
579 2148 620 2198 sei
642 2150 687 2200 dle
706 2147 913 2212 Untdcbtiglreit
931 2149 979 2198 der
996 2145 1148 2196 rimiscben
1163 2147 1263 2196 licite-

217 2218 269 2270 rei.
304 2217 440 2271 Whittinr
457 2231 544 2283 vero,
563 2217 609 2282 qui
627 2221 658 2269 et
676 2218 753 2284 ipsos
772 2218 886 2282 quidem
902 2230 960 2268 nott
978 2229 1029 2279 pro
1047 2228 1083 2266 nc
1101 2215 1180 2278 ipsos
1200 2216 1265 2281 qni-

217 2289 282 2340 dem
300 2285 400 2338 [iatine
422 2286 477 2337 dici
494 2300 548 2339 nun
573 2297 654 2349 posse
678 2286 860 2352 intelligeret,
883 2289 950 2350 lunc,
975 2287 1044 2349 qnod
1068 2287 1155 2335 Aldus
1177 2286 1263 2347 dedit,

216 2370 252 2408 ex
272 2356 377 2407 iulelici
394 2356 554 2407 emendandi
574 2364 673 2407 conatu
691 2365 778 2408 nutum
796 2364 875 2408 retus
898 2356 958 2417 ipse
982 2356 1012 2405 et
1036 2362 1065 2404 nt
1089 2364 1124 2403 ex
1147 2358 1263 2404 antece-

216 2425 288 2477 denti
309 2425 391 2474 verbo
409 2420 502 2477 netum
519 2425 612 2476 delere
630 2434 658 2474 et
675 2427 709 2477 ub
727 2424 853 2477 omnibus
869 2424 1010 2476 codicibus
1028 2422 1154 2486 destitui,
1180 2435 1263 2485 qnam

216 2506 265 2545 ecs
284 2492 363 2554 sequi
385 2494 497 2560 maluit,
519 2505 588 2557 quos
612 2495 677 2544 eliis
694 2494 765 2545 lacis
783 2493 942 2546 necessario
958 2496 1069 2542 secutus
1086 2494 1138 2542 est.
1175 2493 1265 2543 Deni-

215 2574 269 2626 que
284 2561 466 2622 Nipperdeius
483 2572 571 2625 neque
588 2561 705 2613 Aldinae
729 2563 883 2627 scripturae
901 2561 1089 2615 anctoritatem
1107 2573 1264 2626 agnoscens

217 2638 265 2682 ant
282 2643 391 2679 sensum
406 2629 575 2692 perspiciens
593 2643 680 2694 neque
696 2631 725 2682 in
743 2645 793 2698 eo,
810 2633 880 2696 quud
896 2632 986 2696 posuit
1004 2632 1157 2694 Wbittius,
1182 2631 1263 2694 ipsus

217 2700 332 2766 quidem
355 2707 432 2762 recte
455 2700 509 2750 dici
534 2698 632 2751 videus
657 2713 711 2751 non
735 2703 822 2751 solunt
843 2704 891 2766 et,
922 2702 992 2765 quod
1017 2701 1129 2752 codices
1152 2702 1264 2767 hebent,

216 2769 322 2833 tenuit,
347 2769 396 2818 sed
413 2768 495 2821 etium
512 2771 628 2822 elternnt
647 2770 689 2835 ei,
712 2783 766 2833 qun
784 2771 893 2821 codices
911 2778 1021 2834 carent,
1044 2783 1079 2819 ne
1100 2771 1173 2820 forte
1190 2769 1266 2820 Cae-

216 2851 265 2889 sar
282 2841 311 2889 et
329 2837 407 2902 ipsae
424 2846 454 2888 nt
471 2850 495 2889 c.
511 2834 548 2890 tt
565 2837 591 2898 s.
611 2842 625 2887 1
644 2838 747 2890 dixisse
765 2839 920 2906 videretur,
941 2838 970 2889 in
988 2839 1162 2900 sequentibus
1179 2839 1266 2890 eiecti

119 2957 124 2968 ,
215 2907 248 2959 id
258 2906 424 2968 pronominis
437 2909 498 2959 icco
511 2907 654 2958 subiunxit
664 2912 714 2961 buc
726 2911 818 2960 modo:
835 2910 914 2960 Nam
926 2909 962 2960 de
975 2908 1114 2973 equitibus
1127 2908 1268 2975 bustiam,

218 2977 289 3043 quin
306 2988 388 3029 neme
409 2988 510 3028 cerum
524 2978 670 3044 propredi
683 2980 768 3031 medo
784 2981 877 3032 cetra
889 2991 991 3046 nqutee
1001 2977 1125 3043 ecdem,
1144 2980 1174 3030 et
1188 2979 1269 3043 ipsos

182 3130 228 3196 qui
246 3128 300 3182 etsi
325 3142 391 3195 pars
410 3133 593 3183 tantummodo
610 3140 705 3183 emant
747 3131 793 3184 vis
818 3145 836 3186 e
859 3124 966 3183 ne'mlne
989 3133 1101 3196 doctus3
1125 3133 1167 3185 ite
1183 3138 1215 3186 ut
1232 3147 1271 3186 ue

87 3235 89 3240 ,
182 3202 300 3266 ugmlrns
311 3200 442 3264 universi,
456 3204 626 3266 tumenqnnd
638 3215 704 3267 par·
747 3202 799 3252 sibi
817 3200 921 3267 quidem
940 3214 1008 3266 opus
1025 3204 1062 3254 sit
1083 3203 1151 3254 illud
1167 3206 1272 3257 docere

182 3271 249 3322 tium
262 3270 340 3322 nulla
355 3281 409 3320 nun
422 3271 532 3322 iectura
546 3274 574 3322 et
588 3283 705 3332 passure
748 3279 777 3321 et
792 3271 960 3333 argumentis
978 3273 1014 3321 ab
1030 3272 1202 3335 experientia
1216 3285 1270 3337 pe-

181 3340 340 3406 vlderetur,
357 3339 386 3390 id
402 3334 612 3404 vercingetorix
628 3352 704 3391 ecut-
747 3339 804 3391 titis
817 3341 1010 3394 demonstrare.
1036 3340 1079 3394 ct.
1097 3344 1128 3406 1,
1143 3339 1180 3394 40
1197 3342 1270 3403 §.92
1285 3350 1288 3370 ¹

182 3407 304 3462 munient
327 3421 389 3459 cum
412 3409 536 3460 omuibus
560 3416 589 3458 et
612 3421 705 3460 omues
747 3409 925 3461 titi-ratium
938 3412 1185 3463 centrnbcminec
1198 3413 1270 3463 bar-

183 3477 434 3542 impedimeutcruru
451 3488 486 3528 ae
503 3477 643 3542 dignitatis
660 3478 705 3529 in·
747 3480 832 3531 berec
845 3479 934 3544 etque
942 3479 1092 3543 imperitet
1099 3483 1179 3532 locus
1189 3483 1272 3550 tuic-

183 3552 291 3599 cturem
316 3548 440 3601 lecturus
466 3559 532 3597 esse
562 3547 705 3611 praedicit.
747 3550 814 3614 eet,
831 3547 887 3600 itae
905 3549 1052 3615 meipsum
1070 3552 1183 3616 quidem
1200 3549 1270 3616 epe·
1296 3591 1298 3595 .

117 3637 118 3641 ¹
182 3615 363 3680 Similiterii,
379 3617 518 3679 quesiter
531 3617 633 3682 faeere
646 3630 705 3668 nce
746 3630 820 3670 rere
855 3621 975 3676 nostres
1010 3621 1162 3672 emercetur
1199 3623 1271 3687 cape·

183 3698 268 3752 pecte
281 3685 403 3751 dlxerct,
420 3696 474 3736 uun
493 3687 581 3737 sulum
599 3685 704 3750 pedites
729 3687 838 3754 'poree
875 3687 1001 3752 quemvis
1024 3699 1053 3740 et
1076 3693 1214 3753 optantem
1239 3696 1269 3742 et

185 3754 244 3806 suis
261 3753 391 3806 auxilium
407 3753 528 3805 ier-cutes
543 3758 572 3806 et
588 3755 623 3821 ii,
641 3755 705 3819 qui·
747 3765 903 3809 nestrorum
917 3759 1085 3812 exercituum
1101 3773 1155 3812 nnn
1172 3762 1269 3812 admn-
1299 3798 1302 3813 .

44 3826 73 3845 ·“
185 3825 237 3876 bus
256 3824 376 3886 ferrent,
394 3826 444 3874 sed
465 3823 572 3875 cunina
590 3824 705 3878 Rcmeui
748 3827 809 3877 durn
828 3839 951 3891 guarum.
981 3831 1016 3895 6,
1032 3827 1068 3880 24
1087 3827 1114 3889 S.
1132 3832 1166 3880 6:
1189 3831 1270 3881 Pau·

109 3926 114 3935 ·
184 3891 356 3956 intelligendi
373 3896 453 3958 sunt,
470 3893 569 3958 quibus
582 3895 606 3944 sl
619 3895 705 3946 semel
747 3898 832 3948 latim
851 3898 1016 3965 adsuefacti
1037 3898 1175 3965 merari
1192 3900 1270 3951 mul-

185 3961 320 4014 resistere
337 3961 366 4012 in
384 3962 472 4013 uuintu
491 3972 583 4029 esset,
604 3964 706 4027 impetu
749 3958 846 4032 iisque'
862 3967 934 4019 vicit
957 3969 1078 4032 practice
1093 3981 1130 4019 ne
1154 3982 1185 4020 re
1202 3969 1271 4035 qui-

186 4033 216 4082 in
232 4032 339 4093 partem
355 4031 472 4096 agminis
489 4033 533 4083 sni
549 4034 626 4087 lacte
640 4047 708 4086 ccu-
750 4035 815 4089 dent
831 4035 888 4102 ipsi
905 4049 971 4092 cum
986 4036 1045 4090 iliis
1061 4039 1175 4091 virtute
1189 4052 1271 4092 cutm-

182 4100 336 4158 sisoeuunn
353 4100 476 4182 clunibus
494 4105 579 4153 esset.
749 4108 869 4171 parcnt.
904 4107 1029 4169 quemvis
1054 4110 1180 4161 lubenter
1205 4122 1270 4160 sese

237 4168 266 4235 ss
283 4171 302 4221 6
320 4182 357 4223 ue
374 4181 453 4236 ipsc·
470 4171 589 4237 quidem
608 4184 709 4239 quaut-
751 4174 816 4228 eliis
832 4178 1030 4240 pubentes.
