2700 4726
200 284 267 352 oso
456 275 743 367 nuntio
774 273 1028 373 critico

204 466 348 536 Brutum
371 463 619 535 adulescentem
640 489 714 532 cnm
736 464 930 533 cohortibus
946 462 1093 542 Caesar,
1117 467 1197 550 post
1211 483 1306 527 cnm·

162 558 281 622 taliis
319 554 441 622 Gaium
472 554 611 620 Fabium
650 558 815 640 legatum:
862 559 1032 641 postremo
1071 551 1165 636 ipsc,
1210 573 1290 617 cnm

205 644 433 721 uehementius
473 649 699 730 pugnaretur,
748 642 898 726 integros
943 638 1096 705 subsidio
1139 635 1292 704 adducit.

163 739 183 798 8
205 731 381 798 Restituto
406 731 537 816 proelio
565 753 602 796 ac
634 730 783 819 repulsis
811 727 967 794 hostibus
990 750 1047 807 eo,
1080 748 1147 813 quo
1167 726 1294 791 Labie-

163 823 284 886 Anum
305 819 463 899 miserat,
491 819 684 885 contendit:
715 813 976 884 cohortesllll.
996 837 1037 879 ex
1059 814 1213 908 proximo
1236 836 1295 879 ca-

276 1006 491 1075 aduiesceuteru]
510 1009 593 1061 Voss.
610 1012 644 1061 A.
664 1010 740 1073 Egnt.
759 1007 825 1059 Par.
844 1008 878 1057 A.
895 1007 977 1058 Vrat.
995 1001 1029 1056 A.
1047 1013 1075 1055 et
1093 1017 1153 1056 cunr
1171 1018 1189 1055 o
1208 1017 1294 1068 snper

241 1092 263 1129 c
280 1080 363 1143 Βοῦς.
382 1080 417 1134 A.
434 1079 476 1130 ΡΙ.
493 1090 547 1128 uon
563 1081 639 1133 adol.
659 1079 796 1138 (adolosc.
814 1075 861 1128 Dr.
878 1078 934 1127 Aa.
952 1075 1067 1135 iiamb.)

243 1148 251 1161 ’
276 1162 445 1220 cohortibus]
468 1175 494 1214 c.
512 1176 566 1217 sere
592 1162 652 1216 Aid.
670 1177 696 1216 a.
720 1164 769 1216 (ir.
787 1163 831 1212 ab.
855 1162 886 1212 P.
904 1162 978 1212 Man.
996 1162 1035 1210 st.
1053 1159 1141 1212 Freii.
1159 1161 1239 1211 ‘turn
1266 1173 1291 1211 c.

247 1234 287 1285 Vi
303 1233 366 1282 Aid.
384 1233 409 1281 b.
427 1230 504 1294 hips·
522 1249 581 1299 sqq.
598 1225 628 1291 tt
646 1234 766 1301 euripum
785 1233 849 1281 Met.
867 1232 973 1297 „deest
990 1242 1117 1280 uumerus
1134 1231 1211 1280 tiss.
1230 1237 1294 1280 tuu-

243 1314 299 1354 tnru
316 1315 370 1352 uon
388 1301 548 1352 omnibns.“
583 1304 669 1354 Deest
691 1314 758 1353 vero
784 1301 842 1351 Pet.
868 1302 951 1352 voss.
969 1300 1002 1350 A.
1026 1298 1103 1350 dots.
1126 1299 1293 1362 iigm.1.ov.

244 1374 311 1426 Lito.
331 1371 412 1422 uuor.
432 1370 519 1423 tribus
538 1371 622 1423 cnud.
639 1372 729 1423 Samii.
748 1365 826 1423 Carr.
846 1370 907 1420 cod.
922 1370 1001 1418 Turr.
1022 1369 1104 1430 Bong.
1119 1370 1152 1417 A.
1170 1369 1212 1418 ΡΙ.
1230 1368 1295 1420 Par.

244 1446 279 1494 A.
297 1441 384 1490 liaen.
401 1442 471 1490 iiev.
487 1444 520 1496 A.
532 1443 585 1493 iit.
600 1439 656 1492 Au.
673 1442 754 1490 Vrat.
770 1438 847 1491 ABG.
866 1439 944 1489 Goth.
957 1436 1013 1487 AB.
1030 1438 1128 1488 Humi).
1145 1437 1295 1489 Gn..viud.

244 1504 408 1562 Aucunui.
425 1508 559 1573 editisque
575 1520 638 1561 ante
657 1512 755 1560 Aidum
771 1506 903 1559 omnibns.

208 1590 214 1599 ·
278 1575 396 1645 caesor]
413 1581 518 1641 „bisti
535 1583 562 1630 et
581 1579 666 1645 iidd,
683 1579 729 1641 qui
747 1590 831 1640 snpra
848 1587 943 1627 nomeu
961 1575 1124 1640 omiserant,
1142 1572 1186 1624 hic
1203 1572 1296 1627 ucul-

243 1647 342 1700 ccnt.“
359 1646 417 1698 Pet.
435 1648 518 1698 Voss.
532 1651 564 1699 A.
583 1651 659 1713 tigni.
678 1649 746 1698 [ιον.
764 1646 833 1698 Lbb.
853 1645 935 1696 uuor.
953 1646 1032 1697 carr.
1049 1646 1109 1696 cod.
1122 1646 1202 1694 Turn.
1219 1644 1296 1695 (iota

244 1719 311 1771 Wb.
331 1717 415 1778 song.
432 1718 466 1767 A.
485 1718 524 1768 Pi.
542 1718 604 1769 i’sr.
624 1719 657 1766 A.
674 1717 761 1766 tinen.
777 1714 835 1775 (bic
850 1715 945 1767 littere
961 1714 1094 1778 singulari
1109 1713 1155 1775 0.)
1172 1713 1219 1763 iir-
1237 1714 1295 1763 sn.

243 1788 325 1836 Vnst.
344 1784 422 1836 ABG.
441 1786 706 1838 dotu.su.11ano.
724 1786 775 1836 Gn.
793 1784 877 1835 Vind.
891 1784 969 1836 GDF.
988 1785 1048 1834 edd.
1067 1791 1131 1834 ante
1148 1779 1210 1832 Aid.
1227 1786 1294 1842 (orn.

246 1856 316 1906 And.
334 1855 385 1906 0x.
403 1853 450 1907 Cu.
469 1858 497 1910 S.
514 1856 592 1910 Leid.
612 1862 644 1907 A.
663 1854 734 1906 iiuv.
753 1856 786 1904 A.
806 1853 887 1905 vind.
906 1855 939 1904 A.
956 1850 1018 1907 Aid.
1035 1856 1112 1917 sqq.)

281 1936 357 2006 aitis]
375 1951 403 1988 c.
420 1941 528 2004 septem
546 1935 605 1989 Aid.
625 1951 651 1989 a.
669 1941 718 1991 tir.
737 1942 782 1991 ab.
800 1939 829 1989 Ρ.
848 1939 921 1989 itan·
939 1939 979 1988 St.
993 1937 1079 1990 Freii.
1095 1939 1177 1989 horr.
1197 1951 1225 1990 a.
1243 1938 1297 1990 Vi!

246 2010 308 2060 Atd.
324 2010 348 2058 b.
362 2006 441 2071 Lips.
452 2021 510 2071 epp.
528 2001 622 2062 uice
638 2005 709 2060 imni
722 2012 786 2060 ittet.
805 2008 884 2073 „Vii
897 2009 976 2058 abest
988 2018 1006 2057 a
1019 2008 1095 2057 MSS.
1108 2015 1136 2058 et
1148 2009 1217 2061 iidd.
1230 2007 1295 2071 pp.“

246 2081 275 2128 et
287 2077 322 2127 ab
335 2076 474 2143 omnibns,
491 2078 588 2139 quibus
604 2079 642 2128 Vi
655 2082 716 2140 post
728 2077 894 2129 cohortibus
906 2079 1002 2126 deesse
1014 2078 1229 2141 demonstratum
1241 2082 1295 2133 est.

247 2148 381 2199 Numeros
399 2148 434 2199 ab
446 2148 564 2198 Aldinae
579 2148 748 2198 recensionis
765 2152 878 2199 auctore
892 2146 1011 2196 iucundo
1028 2146 1062 2195 dx
1078 2145 1234 2197 coniectura
1245 2148 1296 2199 ad·

247 2214 334 2266 iectus
359 2226 412 2267 non
436 2217 534 2280 credo,
558 2229 644 2279 neque
663 2219 690 2267 in
709 2218 847 2282 codicem,
874 2228 952 2278 quern
969 2215 1016 2264 iiie
1033 2216 1148 2266 eandem
1166 2224 1247 2280 stone
1266 2216 1296 2268 in

247 2284 382 2336 caesarie
400 2284 506 2337 nomine
524 2287 681 2335 coiiocaudo
701 2290 813 2337 secutus
832 2284 938 2335 videtur
954 2283 1015 2334 sine
1032 2284 1196 2336 auctoritate
1215 2299 1296 2338 rece·

246 2358 309 2416 ptos
332 2352 415 2420 puto,
445 2354 493 2403 sed
517 2365 535 2403 a
559 2353 692 2415 scriptore
716 2356 744 2405 in
768 2352 991 2416 iipbenreridibns
1013 2353 1119 2416 positos
1143 2353 1243 2405 deinde
1267 2357 1296 2406 ut

247 2423 318 2473 scitu
341 2422 432 2476 niune
454 2422 628 2472 necessarios
650 2423 774 2472 inductos
792 2435 856 2472 esse
874 2421 1007 2483 suspicor.
1043 2417 1087 2472 Ct·
1105 2422 1139 2487 b,
1159 2422 1195 2475 ts
1215 2423 1242 2484 S.
1262 2423 1293 2476 te

246 2489 405 2542 summittit
420 2489 555 2543 cobortes
572 2488 713 2554 equitibus
728 2490 860 2542 subefflo.
891 2501 1006 2554 quarum
1024 2503 1153 2543 numeras
1168 2491 1236 2545 item
1253 2493 1295 2545 in-
1329 2524 1332 2529 -

247 2565 340 2610 certus
357 2564 410 2609 est.

278 2640 342 2702 §.2
368 2639 550 2707 pugnaretur]
572 2643 719 2709 peccaret
745 2644 832 2695 uaen.
856 2647 1023 2710 popenreut
1048 2645 1117 2696 oud.
1140 2641 1211 2704 'oni
1235 2658 1296 2697 cun

246 2710 421 2763 adnotaverit
441 2709 525 2777 nihii,
551 2723 603 2761 nou
630 2712 737 2761 videtur
762 2714 796 2761 ab
813 2715 931 2764 omniunt
956 2716 1015 2765 edd
1033 2722 1062 2765 et
1079 2716 1209 2778 quantum
1229 2727 1296 2768 con·

246 2784 319 2846 stat,
334 2778 460 2845 ‚uticum
478 2779 615 2841 scriptura
626 2774 773 2831 'discedere
792 2781 924 2835 votuisse.

280 2856 308 2927 ς’.
325 2861 344 2914 4
366 2864 448 2927 liii]
472 2897 506 2913 ..
526 2900 532 2913 .
555 2864 639 2915 b'abr.
659 2867 740 2929 Bong.
758 2868 792 2918 A.
812 2866 854 2923 Pi.
874 2867 952 2920 Vrct.
973 2864 1005 2918 (i.
1024 2864 1103 2918 uoto.
1122 2867 1151 2916 a.
1169 2867 1253 2920 vtud.
1272 2869 1296 2922 i.

246 2938 450 3000 1111011111.
471 2944 550 3000 vind.
569 2945 625 3001 An.
645 2953 787 3015 quattuor
805 2952 884 3005 tietb.
901 2948 935 3000 A.
952 2954 1029 3002 ibon.
1047 2965 1073 3006 a.
1092 2955 1162 3004 nied.
1179 2965 1206 3004 a.
1225 2957 1295 3007 ven.

247 3020 336 3070 cedei.
354 3021 480 3084 cuatuor
499 3020 547 3069 Dr.
561 3020 597 3069 A.
616 3019 694 3070 Vrat.
709 3018 764 3072 An.
785 3023 883 3072 iinmb'.
902 3021 963 3073 Ber.
981 3021 1043 3070 Atd.
1060 3022 1122 3071 Aid.
1141 3035 1167 3074 a
1186 3024 1236 3075 Gr.
1249 3026 1295 3076 ab.

244 3090 286 3140 St.
307 3090 337 3142 Ρ.
356 3092 429 3142 Man.
447 3089 533 3141 Freii.
550 3090 629 3142 dnrr.
647 3090 691 3139 iV
706 3091 783 3150 (Par.
801 3092 851 3152 A.)
870 3091 933 3141 Ald.
953 3091 978 3141 b.
998 3090 1074 3153 Lips.
1092 3105 1150 3156 sqq.

261 3261 372 3313 bruun
397 3258 611 3320 adulescentem]
640 3257 682 3311 ct.
703 3261 732 3326 3,
824 3258 882 3322 §.A
899 3273 933 3311 ex
945 3261 1066 3325 proximo
1080 3259 1209 3329 caeteito]
1227 3264 1315 3327 quod·

197 3330 242 3397 Ι12
262 3326 288 3389 s.
304 3326 332 3379 5.
771 3330 944 3380 contendenti
957 3332 993 3382 ab
1006 3342 1039 3382 eo
1051 3332 1122 3396 ioco,
1138 3344 1189 3394 quo
1204 3335 1313 3384 nostes·

258 3396 285 3459 S.
304 3399 321 3447 2
338 3396 475 3460 integros]
500 3394 571 3445 iiiuc
591 3394 729 3459 suspicari
771 3401 926 3466 repulerat,
952 3402 988 3450 ud
1006 3413 1086 3466 euru,
1111 3412 1165 3464 quo
1182 3401 1297 3454 miserat

204 3466 358 3528 tinctitiis,
377 3477 443 3528 quos
457 3477 518 3514 cum
531 3466 728 3515 Brutoetcuru
769 3467 934 3530 Labienum,
969 3470 1117 3534 proximum
1146 3475 1225 3536 eret,
1262 3484 1297 3522 ex

205 3535 437 3599 linitionisernt,
454 3534 508 3584 iam
523 3534 645 3595 pluribus
657 3535 727 3584 iocis
770 3547 822 3596 qno
838 3536 946 3598 quidem
971 3539 1067 3588 deduci
1086 3541 1212 3597 cobortes
1230 3551 1295 3603 pos-

205 3607 400 3658 occurrendum
418 3606 446 3653 et
462 3602 535 3653 vires
550 3604 638 3652 minus
654 3602 728 3651 inte·
769 3612 838 3653 sent.
866 3604 976 3655 Minime
993 3607 1063 3658 eninr
1080 3604 1171 3658 onnia
1183 3608 1294 3662 xxiii.

205 3672 271 3739 gras
287 3677 316 3725 et
335 3675 369 3726 ab
389 3674 484 3724 labore
501 3673 610 3722 intritae
629 3671 724 3720 inisse.
768 3674 885 3725 castella
900 3675 949 3729 iiio
967 3679 1086 3738 ternpore
1100 3690 1179 3740 enum
1196 3681 1295 3734 cohor-

204 3744 371 3807 Quanquam
389 3742 489 3805 siquis
506 3740 568 3804 ipse
582 3753 726 3801 pronomen
768 3743 833 3792 tinru
849 3755 987 3811 numerum
999 3748 1131 3809 integrum
1148 3748 1292 3802 habebant.

202 3811 305 3863 maiore
324 3812 384 3865 ictu.
397 3811 621 3875 pronuntiandum
640 3812 726 3876 putat,
768 3813 808 3862 iio
827 3811 886 3873 ipse
903 3813 996 3863 adisse
1013 3816 1094 3879 atque
1115 3827 1177 3866 curn
1195 3819 1303 3870 cohor--

200 3893 287 3944 oeque
298 3879 422 3949 integros
435 3879 497 3945 itios
512 3883 634 3931 statuere
651 3879 725 3931 ticet.
767 3881 841 3931 tibus
859 3877 921 3932 iude
944 3884 1065 3933 deductis
1088 3887 1117 3934 et
1135 3898 1196 3937 cnm
1215 3896 1294 3950 parte

200 3944 272 4017 Sed‘
294 3961 362 4019 sune
398 3949 557 3999 adducentis
594 3960 725 4009 personae
767 3949 904 4013 equitatus
921 3965 952 4001 se
966 3955 1041 4014 sequti
1053 3952 1131 4005 iussa
1145 3959 1293 4011 rurensad

200 4016 348 4069 caesarem
360 4019 438 4082 pins,
455 4030 540 4080 punni-
549 4018 660 4069 miiitum
673 4020 724 4067 ad-
765 4019 931 4071 munitiones
963 4023 1139 4074 descendisse
1176 4033 1205 4075 et
1244 4038 1294 4090 per

117 4126 124 4139 .
201 4089 341 4139 ductorum
359 4085 506 4150 integritati
524 4088 651 4148 ponderis
672 4088 723 4136 tri·
765 4101 890 4152 campum
907 4097 984 4140 recta
996 4094 1170 4144 contendisse
1185 4097 1221 4145 ud
1235 4097 1292 4148 bn-

201 4156 295 4210 buisse
313 4169 365 4211 uon
381 4160 438 4208 taut
451 4154 592 4218 probabile
606 4155 730 4221 videtur.
764 4156 872 4210 bionum
887 4159 1148 4214 existimandusest.
1170 4164 1295 4220 Deducit
