2700 4726
415 293 520 367 LIB.
544 294 625 368 Vll.
670 294 791 370 GAP.
810 301 858 366 ⁷2
1107 305 1177 375 563

92 481 177 548 tium
199 484 399 579 coanexue,
430 506 489 550 nec
511 485 612 551 facile
634 493 751 554 totum·
768 507 854 574 opus
881 508 1002 555 corona
1027 488 1174 558 militum

90 574 302 657 cingeretur,
338 592 379 637 ne
407 570 450 637 de
475 573 648 660 inproviso
681 582 742 640 aut
771 582 872 642 noctu
899 574 943 641 eol
971 578 1173 646 munitiones

89 659 241 724 hostiurn
273 659 453 725 multitudo
483 661 678 745 advolaret,
709 667 770 727 aut
792 663 940 730 interdiu
964 665 1034 729 tela
1055 667 1090 730 iu
1114 688 1174 733 no·

90 754 184 814 siros
217 746 313 838 operi
342 745 531 814 destinatos
560 749 726 816 conticere
756 758 906 839 possent.
963 749 1039 818 Hoc
1067 754 1215 829 inter-8

125 970 206 1020 (loti.
232 965 289 1019 AB.
311 971 407 1021 llamb.
433 970 486 1022 du.
505 970 588 1023 Vlud·
605 972 698 1026 lilllll.
724 969 777 1023 inc.
801 973 870 1035 quod
887 969 981 1024 vitium
999 987 1035 1025 ex
1052 973 1173 1036 proximo

126 1041 244 1089 tractum
269 1040 364 1091 nescio
389 1053 439 1090 cur
465 1041 586 1105 genitivo
609 1042 715 1105 purius,
742 1053 822 1105 quam
840 1043 1002 1094 accusativo
1018 1044 1125 1096 illatum
1144 1054 1174 1097 eo

123 1106 339 1228 cltiaeeartepop
353 1109 495 1177 spatium,
516 1112 564 1160 sed
581 1111 670 1176 spatii
687 1111 820 1173 scriptum
834 1124 898 1162 esse
912 1125 973 1164 cnm
984 1114 1068 1165 Bruto
1082 1115 1175 1179 suspi-

125 1190 158 1229 ca
171 1190 205 1226 us
223 1191 247 1226 er
303 1192 318 1227 u
339 1211 346 1226 .

157 1263 319 1324 conplexus]
339 1264 414 1326 Egm.
435 1222 519 1327 Boug.
537 1263 571 1314 A.
589 1262 653 1316 Par.
666 1266 700 1314 A.
715 1277 769 1318 non
781 1267 884 1331 compi.
902 1269 972 1327 (cm.
989 1263 1072 1318 Vino.
1091 1267 1143 1328 Ε.)

159 1348 226 1405 neo]
250 1358 287 1397 ne
305 1348 354 1398 ΟΧ.
373 1343 422 1398 Cu.
439 1349 467 1398 S.
488 1348 547 1399 Pet.
565 1347 642 1398 Leid.
659 1352 715 1401 Ali.
732 1349 803 1402 Dok.
821 1352 868 1401 Dr.
889 1350 919 1400 B.
938 1350 1017 1401 Goth.
1036 1352 1070 1402 A.
1090 1350 1175 1405 vind.

123 1413 205 1464 AGD.
230 1417 291 1469 edd.
316 1418 379 1466 ante
401 1417 443 1466 lu.
466 1411 573 1483 ἵναμή
597 1420 662 1471 Met.
685 1431 756 1485 nec,
781 1422 852 1482 quod
876 1418 974 1483 reliqui
997 1421 1076 1470 codd.
1105 1420 1174 1473 ond.

122 1484 207 1533 Voss.
224 1482 257 1535 A.
280 1488 357 1547 Egrn.
382 1486 454 1536 doit.
472 1487 554 1536 Febr.
573 1485 660 1539 cond.
680 1490 772 1548 steph.
791 1489 896 1539 llotom.
915 1490 987 1539 ilar.
1004 1490 1038 1538 A.
1057 1488 1121 1539 Par.
1138 1491 1175 1545 A.

121 1554 222 1615 (Bong.
237 1555 272 1606 A.
291 1555 332 1604 Pl.
351 1556 454 1614 llaen.)
471 1555 519 1606 Dr.
537 1557 572 1606 A.
591 1558 670 1610 vrar.
693 1556 772 1609 Aac.
791 1557 870 1609 (ioth.
885 1559 915 1611 B.
934 1558 1031 1609 llamb.
1047 1558 1102 1609 (ln.
1119 1555 1176 1609 iac.
1286 1584 1290 1599 ·

120 1623 163 1742 lut
179 1634 236 1740 ppq.
255 1622 397 1741 exhtibent,
415 1624 537 1687 plerique
555 1625 610 1677 iem
627 1635 692 1677 ante
705 1625 873 1691 scaligerum
890 1627 981 1678 critici
997 1639 1094 1678 verum
1110 1638 1174 1678 esse

121 1704 149 1741 nn
164 1705 178 1740 e
202 1704 325 1742 excrun.

157 1779 239 1839 opus]
270 1779 342 1828 And.
361 1778 411 1827 01.
430 1777 525 1832 cus.
544 1777 621 1829 Laid.
639 1770 674 1829 A.
691 1778 772 1833 vind.
791 1778 847 1832 Ac.
868 1780 931 1832 Ald.
955 1787 984 1831 ec
1002 1791 1062 1845 sqq.
1088 1792 1175 1844 usqae

121 1846 158 1896 ad
176 1847 245 1896 oud.
270 1857 322 1899 om.
349 1847 421 1897 llav.
439 1850 473 1897 A.
503 1860 610 1910 corpas
636 1846 734 1912 reliqui
758 1848 826 1915 ond.
854 1849 914 1900 Pet.
935 1848 1020 1901 Voss.
1037 1852 1071 1906 A.
1096 1851 1174 1916 ligus.

122 1915 198 1966 door.
223 1917 296 1966 liov.
321 1916 387 1965 Lon.
414 1915 499 1966 Confi.
526 1917 606 1969 carr.
636 1918 695 1966 cod.
725 1919 804 1966 'turn
830 1916 922 1968 lirant.
951 1921 1011 1969 cod.
1034 1920 1176 1971 liomanne

123 1983 261 2047 Victorii,
278 1985 342 2034 Par.
360 1988 393 2034 A.
414 1986 501 2035 Heen.
519 1987 616 2048 (Bong.
631 1983 677 2045 A.)
694 1986 742 2035 Dr.
757 1986 813 2035 Aa.
831 1984 913 2037 Vrat.
926 1987 1003 2043 Aac.
1022 1988 1102 2039 Goth.
1118 1988 1183 2042 AB.

123 2053 221 2104 namo.
243 2053 296 2103 Gn.
315 2052 398 2106 vind.
416 2053 462 2102 iol.
480 2055 541 2104 edd.
560 2063 624 2105 unte
643 2056 704 2105 Ald.
729 2056 756 2103 et
776 2054 888 2107 Arantio
905 2063 987 2119 atque
1005 2055 1073 2106 oud.
1095 2056 1177 2107 testi-

122 2123 174 2173 bus
194 2122 280 2179 vasc,
300 2122 400 2181 (dreil.
418 2131 509 2173 tamen
527 2136 599 2187 opas
616 2125 696 2174 habet
713 2122 836 2186 idemque
853 2123 882 2174 in
900 2125 988 2174 Vaec.
1011 2124 1068 2186 legi
1085 2132 1177 2176 testa-

123 2200 169 2242 tur
186 2192 263 2249 llio.)
286 2194 314 2240 et
336 2190 397 2254 ipse
415 2192 482 2241 ond.
507 2192 602 2257 „satis
626 2204 729 2254 gnarus
755 2204 862 2256 corpur
885 2193 983 2245 vocari
999 2202 1080 2255 posse
1097 2205 1178 2245 omne
1234 2233 1236 2241 .

123 2260 170 2323 id,
195 2262 266 2322 quod
283 2273 318 2309 ex
336 2259 461 2322 plurimis
479 2262 607 2312 membris
632 2263 659 2310 in
679 2273 759 2310 unum
777 2260 895 2325 coaluit,
919 2263 988 2312 unde
1011 2272 1120 2326 corpas
1141 2263 1177 2314 do

123 2331 212 2391 liep,
234 2328 374 2391 exercitu,
394 2330 507 2395 populo,
525 2330 603 2380 lionis
622 2329 792 2395 coniunctis,
815 2338 842 2380 et
860 2329 923 2381 aliis
941 2331 1024 2382 rebus
1039 2331 1094 2382 diei
1111 2342 1178 2401 sao·

123 2397 238 2462 pissime
258 2396 386 2448 monitum
405 2406 448 2448 est
467 2411 484 2448 a
502 2399 572 2450 viris
589 2393 721 2450 Deciis.“
755 2398 830 2449 ldem
848 2408 944 2449 recent
971 2399 1046 2451 ribus
1063 2399 1178 2462 quinus-

124 2471 185 2518 dann
204 2475 232 2515 et
253 2464 449 2534 recentissimis
466 2469 614 2520 editoribus
631 2467 752 2532 placuit,
780 2479 890 2532 quorum
909 2470 939 2519 ta
966 2480 1000 2518 cn
1019 2480 1098 2520 nemo
1115 2468 1177 2520 ido·

120 2547 202 2587 neam
220 2535 350 2585 racionem
368 2536 476 2600 attulit,
493 2549 547 2601 qua
563 2537 710 2588 caesarem
728 2537 753 2584 h.
773 2538 793 2595 l.
810 2536 918 2587 nomine
934 2539 986 2587 hac
1003 2536 1032 2588 in
1049 2550 1081 2589 re
1099 2541 1178 2589 certe
1262 2560 1266 2576 ι

121 2605 231 2656 insolito
250 2618 328 2654 nsum
347 2616 412 2653 esse
437 2607 571 2666 probaret.
609 2606 660 2667 Qui
679 2605 704 2654 ei
727 2605 773 2655 vel
790 2605 907 2656 maxime
924 2607 1018 2657 multis
1038 2611 1066 2657 et
1086 2606 1177 2660 variis

120 2675 246 2738 partibus
270 2675 456 2723 constaturam
481 2674 656 2726 munitionem
680 2675 769 2741 illam,
802 2686 883 2738 quam
907 2676 1036 2741 parabat,
1068 2688 1178 2742 corpus

121 2740 256 2805 appellari
275 2753 355 2802 posse
376 2741 504 2804 sentiret,
523 2745 566 2793 liic
581 2744 687 2806 quidem
706 2752 758 2792 non
777 2744 810 2793 de
823 2745 918 2794 futura
930 2744 1045 2804 partium
1058 2746 1177 2798 emulum

124 2809 331 2874 coniunctione,
356 2813 404 2859 sed
423 2811 455 2859 de
472 2812 533 2859 eius
550 2813 654 2875 partis,
679 2823 749 2875 quae
765 2809 819 2862 iam
836 2813 964 2879 periecta-
977 2814 1068 2880 esset,
1086 2814 1177 2879 longi·

121 2881 214 2932 tudine
240 2879 412 2939 cogitandum
438 2878 463 2927 ei
488 2889 562 2943 erat,
591 2894 670 2944 qnam
690 2883 718 2930 in
740 2883 845 2941 partem
864 2879 992 2942 corporis
1009 2895 1106 2934 nomen
1123 2882 1178 2933 mi·

122 2950 195 3001 nime
213 2949 373 3012 quadrabat.
410 2950 503 3010 Neque
524 2950 668 3001 obscurum
688 2956 748 3013 est,
768 2949 838 3010 qnod
855 2949 938 2999 etiem
954 2950 1079 3002 Moebins
1096 2950 1179 3019 vidit,

124 3032 197 3084 opas
215 3018 345 3080 sequente
363 3028 472 3067 corona
489 3016 572 3068 facile
592 3017 691 3068 mutari
706 3015 735 3066 in
754 3029 862 3082 corpus
880 3015 1011 3078 potuisse.
1033 3022 1036 3028 '
1138 3040 1147 3049 ·

156 3104 205 3161 no]
224 3113 297 3152 neoc
315 3104 405 3168 „dod-
423 3104 483 3168 qdd.
503 3106 531 3152 et
547 3099 685 3164 Metapin‘t
701 3103 741 3154 Ιι.
760 3101 808 3153 (ir.
824 3104 850 3157 b.
867 3102 955 3160 aren.
973 3096 1039 3216 pp?
1056 3089 1091 3154 αὖ
1108 3103 1176 3155 Met.

122 3183 160 3223 ue
178 3185 215 3223 ae
232 3172 281 3222 Dr.
303 3173 332 3224 Β.
352 3173 433 3224 Goth.
448 3174 482 3223 A.
500 3183 553 3223 nec
571 3171 654 3234 Bong.
669 3167 702 3223 C.
718 3172 803 3224 vind.
824 3168 909 3224 C.—
934 3172 967 3220 ln
1011 3170 1178 3234 ret.c.prc
1279 3180 1284 3194 ·

122 3252 249 3305 corono,
275 3242 345 3303 quod
362 3242 421 3291 eius
439 3240 542 3292 codicis
557 3241 651 3291 scriba
668 3250 729 3304 post
747 3241 871 3292 militum
890 3239 1029 3306 positurus
1046 3241 1124 3306 erat,
1147 3244 1176 3292 et

120 3320 192 3372 qnae
212 3308 342 3374 deinceps
366 3324 453 3375 usque
478 3312 514 3362 ad
532 3309 742 3362 consuescit
763 3309 791 3372 s.
809 3309 825 3359 1
848 3311 993 3375 leguntur,
1017 3321 1108 3361 vacua
1125 3306 1209 3373 με*

124 3378 190 3442 gina
206 3380 259 3428 est.

157 3463 311 3544 inproviso]
330 3463 413 3514 Voss.
427 3464 461 3517 A.
482 3463 557 3528 ligni.
574 3463 672 3533 (Bong,
687 3463 739 3523 A.)
756 3462 821 3513 Par.
840 3463 873 3512 A.
891 3462 973 3518 Vrat.
989 3460 1024 3515 A.
1040 3459 1124 3515 vtro.
1140 3463 1177 3519 Δ.

122 3544 177 3586 nou
195 3544 282 3596 anapr.

88 3748 158 3800 qnos
182 3736 314 3787 reducere
338 3729 502 3785 munitiones
532 3730 612 3782 iube·
655 3729 709 3784 tio:
726 3728 907 3798 qnoniam-
919 3728 1109 3799 clupereture
1125 3747 1178 3786 nc-

88 3809 148 3862 ret,
184 3805 287 3855 dixisse
324 3802 405 3866 idque
438 3799 613 3853 coniunctivo
656 3815 709 3865 que
737 3808 872 3864 apparet,
901 3814 952 3852 cur
975 3803 1178 3859 coniunctium!

90 3872 277 3938 significatum
302 3885 366 3923 esse
398 3869 488 3920 minue
514 3870 613 3932 proba·
657 3868 800 3922 clariorem
833 3867 894 3918 lieri
927 3868 1002 3923 dioec
1026 3873 1178 3940 Kranerns,

90 3944 146 3997 bile
178 3942 296 3994 videtur.
340 3941 427 3991 liecte
453 3950 520 3989 vcro
546 3949 614 3988 con·
657 3938 816 3991 siccante
839 3939 973 4003 qnoniom
992 3942 1108 4008 positum
1127 3954 1178 3994 oo·

90 4011 148 4063 eiiii
171 4009 383 4063 declarationem
409 4007 613 4059 verbisne-
656 4007 767 4070 gitetnr.
803 4007 847 4059 Ad
865 4009 942 4059 verbi
959 4012 1073 4062 extremi
1087 4011 1178 4077 signi·

26 4098 35 4114 .
89 4083 210 4147 possent
233 4082 336 4131 factam
360 4077 500 4140 praecedit
525 4073 614 4127 ratio·
657 4076 813 4128 ficationem
837 4077 875 4129 ot.
893 4079 927 4131 ad
945 4081 979 4144 o,
995 4079 1031 4134 ³5
1048 4080 1075 4144 S.
1092 4083 1111 4133 9
1128 4081 1179 4134 ad·

90 4152 150 4216 nis,
175 4161 229 4213 qua
247 4149 316 4203 iliud
333 4146 488 4215 nitebatur,
503 4143 614 4211 exposi-
658 4146 771 4210 scripta.

162 4250 201 4302 11.
929 4232 976 4300 36
