2700 4726
424 309 532 383 LIB.
553 309 638 384 vll.
681 307 807 438 ὒΑΡ.
829 314 873 381 79
1131 312 1197 381 605

110 498 188 582 gius
213 497 306 565 mille
335 499 492 586 passibus
522 500 578 578 ab
590 501 717 568 nostris
739 496 980 565 munitionibus
1005 496 1195 567 considunt.

108 587 256 656 Postero
278 585 333 654 die
354 589 508 694 equitatu
530 612 570 654 ex
592 589 715 656 eastris
735 587 856 655 edueto
878 608 1007 652 omnem
1029 608 1101 652 eam
1123 585 1239 675 pla-t

110 677 248 754 uitium,
279 696 379 761 quam
408 676 444 742 in
467 676 709 763 longitudinem
740 674 807 744 lll.
836 676 928 741 milia
953 696 1112 762 passuum
1136 697 1197 761 pu·

110 770 184 831 tere
225 763 550 847 demonstravimus,
596 767 766 854 oomplont
800 760 1046 852 pedestresque
1080 764 1197 855 rapies

179 985 267 1045 mille]
286 987 311 1036 l)
328 986 398 1035 And.
416 985 467 1035 01.
484 983 547 1035 Ald.
566 987 592 1035 b.
613 985 688 1048 nipe.
708 1000 768 1050 sqq.
790 984 958 1052 ‚quinpentis
977 986 1038 1034 Ald.
1056 996 1082 1037 a.
1103 985 1153 1034 Gr.
1171 997 1198 1038 u.

144 1057 176 1107 Ρ.
189 1058 264 1106 Men.
277 1057 357 1106 rure
373 1057 403 1103 et
418 1067 513 1118 margo
532 1055 617 1106 drell.
642 1056 764 1107 millibus
782 1057 836 1107 Gn.
854 1066 940 1120 quom
955 1056 1032 1109 mille
1049 1055 1077 1105 S.
1095 1057 1198 1115 etpost

143 1127 231 1177 verba
244 1140 262 1176 ιι
276 1122 387 1174 uostris
398 1125 600 1177 munitionibus
614 1126 694 1176 Vind.
704 1130 737 1177 Δ.
754 1127 831 1183 atille
843 1125 941 1188 reliqui
953 1126 1020 1176 oud.
1034 1124 1125 1174 Sami.
1135 1125 1196 1174 eod.

145 1195 225 1245 durr.
249 1194 334 1246 Gonu.
359 1196 417 1245 cod.
441 1192 535 1245 Oinoe.
563 1196 621 1252 (llio
639 1191 697 1255 Ω)
718 1191 769 1247 Cu.
794 1196 853 1255 i‘et.
873 1195 956 1246 Voss.
973 1197 1009 1248 A.
1028 1195 1105 1257 Egm.
1124 1194 1197 1244 doit.

144 1265 213 1316 Lon.
242 1257 357 1313 l‘arie‘s(
373 1276 429 1311 sec.
454 1263 596 1317 Aelalntr.
623 1267 704 1328 llong.
723 1268 756 1325 Α.
780 1265 847 1316 Par.
866 1265 900 1315 A.
929 1265 1000 1320 ilar.
1019 1267 1053 1314 A.
1076 1264 1124 1314 Dr.
1142 1263 1197 1314 illi.

145 1333 226 1382 Vtut.
245 1331 324 1382 ΑΒΟ.
346 1333 424 1384 (ioth.
443 1333 472 1381 Β.
495 1334 592 1384 llemb.
617 1336 699 1386 Vind.
719 1329 836 1386 couri.
863 1335 923 1382 edd.
941 1334 1006 1385 ante
1022 1333 1085 1385 Ald.
1103 1342 1198 1395 mergo

144 1403 193 1452 Gr.
208 1413 234 1450 a.
252 1403 337 1452 Veso.
354 1403 394 1451 st.
413 1402 461 1452 Gr.
478 1406 503 1453 l».
523 1404 637 1462 (orell.)
655 1398 726 1456 inrui
742 1397 844 1521 gladiio
862 1404 928 1452 Met.
963 1403 1052 1463 Atque
1070 1400 1132 1453 hnic
1145 1415 1198 1452 nu·

145 1483 220 1527 mero
238 1481 349 1532 propter
367 1473 474 1523 oudlces
490 1471 584 1534 utique
603 1487 652 1537 pro
670 1486 737 1523 vero
773 1473 876 1524 abendo
895 1468 1094 1521 Guisoliardtns
1111 1469 1198 1523 Mem.

149 1540 220 1591 crit.
239 1539 273 1605 4,
295 1540 347 1592 168
364 1540 446 1591 etiam
464 1543 585 1591 locorum
602 1541 851 1604 adumbrationem,
877 1552 957 1605 quam
974 1539 1033 1601 ipse
1051 1543 1199 1601 seeundum

145 1609 265 1660 caesidii
288 1611 408 1660 tabulam
426 1610 561 1675 exhibuit,
586 1613 631 1664 cui
655 1611 770 1663 similem
786 1609 909 1661 Moebius
933 1622 1000 1660 suae
1018 1608 1132 1661 editioni
1149 1611 1200 1663 ed-

144 1679 225 1742 ieoit,
251 1679 438 1745 etl-amussim
461 1681 628 1744 respondere
651 1680 725 1732 dicit.
766 1678 897 1730 Nimirum
922 1690 974 1729 non
1001 1677 1114 1729 difficile
1139 1686 1200 1733 erut

145 1749 330 1800 Romanorum
348 1748 509 1798 munitiones
528 1750 568 1800 ita
588 1750 744 1812 delineare,
768 1756 800 1798 ut
816 1748 907 1811 aliquo
925 1749 985 1799 luco
1004 1747 1079 1798 mille
1100 1761 1201 1811 passus

149 1820 256 1868 acolle
274 1817 367 1879 aliquo
386 1815 514 1867 exteriori
530 1818 668 1870 abessent.
704 1819 756 1868 sed
774 1816 822 1867 ille
839 1816 936 1881 collis,
964 1828 1043 1880 quem
1061 1815 1201 1870 Caesare

150 1887 241 1937 Gallis
261 1894 420 1947 occupatum
439 1885 523 1947 dieii,
544 1899 598 1949 oue
615 1887 643 1945 in
662 1891 740 1950 parte
758 1885 862 1946 positus
879 1884 978 1949 tuerit,
996 1885 1130 1943 intertum
1148 1896 1201 1952 eet,

150 1968 237 2019 neque
254 1954 467 2020 Guisolrardtus,
491 1953 537 2017 qul
556 1969 616 2007 enm
633 1959 668 2006 ab
685 1954 783 2019 oppido
802 1956 837 2003 ad
852 1953 1036 2020 occidentem,
1055 1966 1072 2006 e
1088 1957 1202 2018 planitie

149 2026 185 2076 ad
210 2024 349 2075 meridiem
374 2036 474 2077 versus
499 2024 661 2090 collocavit,
695 2025 881 2087 argumentum
911 2023 1013 2074 certius
1044 2027 1091 2075 aut
1115 2026 1201 2093 allud,

149 2106 231 2158 quam
249 2094 277 2142 ιιι
295 2090 408 2155 planitie
427 2105 452 2144 e
470 2092 547 2153 693
566 2096 710 2145 aesonius
728 2093 846 2142 videtur.

187 2193 213 2253 S
233 2199 248 2245 2
275 2194 328 2244 lll
345 2193 420 2245 milia
438 2194 581 2260 passuum]
603 2195 658 2245 Pro
674 2195 728 2247 ill,
747 2195 814 2246 oud.
833 2195 883 2243 IV
901 2191 1201 2256 insperatum.

151 2267 229 2327 Egm.
247 2265 297 2313 ΟΧ.
317 2267 345 2313 et
362 2264 426 2315 aliis
444 2267 464 2313 9.
479 2277 539 2316 eum
557 2265 649 2323 Semo.
668 2266 696 2313 et
715 2266 782 2314 lldd.
799 2278 842 2326 pp.
861 2273 924 2312 esse
944 2262 1024 2328 dicit,
1048 2269 1076 2316 et
1092 2268 1140 2318 W.
1160 2269 1201 2319 M.

150 2335 239 2389 ex.V·
259 2331 290 2382 G.
307 2334 393 2383 reiert
410 2334 500 2384 lamb.
535 2335 589 2382 Sed
608 2333 636 2383 in
655 2335 739 2395 llolng.
759 2335 792 2389 Α.
812 2335 854 2384 Pl.
878 2333 955 2395 ligne
977 2332 1203 2388 deseviunt.

148 2403 209 2453 edd.
228 2409 292 2451 ante
310 2402 379 2452 ven.
396 2402 417 2454 f.
447 2403 589 2467 quattuor
603 2427 655 2469 -,
680 2401 708 2453 in
726 2403 773 2454 Dr.
791 2404 825 2453 Δ.
846 2403 927 2452 Vret.
945 2397 979 2452 A.
1004 2404 1102 2454 llamb.
1121 2405 1204 2457 Vind.

151 2484 201 2538 lic.
230 2487 359 2553 quatuor
376 2511 429 2551 ·-,
457 2487 485 2538 iu
512 2486 595 2542 Vind.
612 2490 645 2538 Β.
671 2482 834 2554 1111⁰r-‚
857 2484 884 2532 in
907 2484 979 2538 Gott.
999 2487 1081 2540 Febr.
1104 2492 1153 2543 Dr.
1173 2493 1203 2542 Β.

149 2585 231 2638 Vind.
251 2587 283 2638 ll.
302 2586 353 2635 tiu.
377 2586 439 2636 llll
452 2610 498 2650 -,
515 2586 544 2639 in
560 2588 641 2639 Vrat.
659 2587 689 2639 C.
707 2589 788 2640 Goth.
802 2589 832 2636 Β.
858 2556 981 2652 ffip„
999 2588 1026 2638 in
1043 2590 1101 2641 Pet·
1120 2590 1202 2641 Febr.

148 2655 231 2706 Vind.
250 2656 283 2706 D.
313 2657 440 2716 quatuor
457 2656 567 2713 milwm
583 2670 611 2721 p.
629 2658 778 2723 scriptum,
809 2657 837 2706 in
856 2658 960 2708 Pelet
978 2658 1054 2707 Rom.
1073 2671 1098 2715 a.
1124 2659 1204 2711 mota

151 2724 279 2773 omissum
298 2726 350 2772 est.
375 2725 438 2774 trio
454 2737 490 2774 m.
510 2739 539 2789 p.
557 2727 656 2776 labent
675 2728 752 2786 (Par.
771 2728 820 2784 Α.)
839 2728 910 2776 Ven.
932 2726 952 2773 f.
971 2727 1033 2775 Ald.
1051 2740 1075 2777 a.
1095 2729 1142 2778 tir.
1159 2731 1203 2780 ab.

150 2794 180 2842 P.
200 2798 272 2844 Man.
291 2795 328 2842 st
348 2792 435 2846 lirell.
454 2795 532 2844 Tot-r.
557 2792 615 2844 mit’
631 2809 709 2858 pass
726 2797 773 2845 111
789 2797 860 2844 llav.
879 2799 911 2843 Α.
934 2795 1012 2844 atille
1022 2809 1125 2859 possus
1140 2800 1204 2848 tres

151 2864 232 2912 Vind
248 2867 281 2913 Α
317 2862 465 2912 Numerum
491 2864 639 2917 ternarium
660 2863 784 2916 codicum
808 2877 833 2912 o.
850 2867 886 2917 69
913 2861 940 2920 3.
959 2866 1068 2916 aeto.
1087 2866 1168 2926 703.
1187 2867 1202 2915 1

151 2944 267 2982 consens
269 2946 332 2999 os,
336 2932 482 2983 verborum
491 2932 698 2996 dispositionem
708 2936 846 2997 vulgatam
862 2931 1018 2993 optimorum
1034 2936 1059 2983 Ιι.
1072 2935 1090 2985 l
1106 2943 1203 2987 auoto-

149 3002 218 3071 ritas
238 3001 307 3052 satis
325 2992 396 3055 tueri
413 3001 529 3053 videtur

117 3206 179 3257 stra
204 3211 232 3251 ot
257 3203 390 3266 castella,
419 3200 534 3253 Romani
557 3200 640 3251 etism
734 3199 761 3261 3.
780 3204 797 3251 2
818 3213 921 3253 omnem
941 3214 1002 3255 eam
1020 3202 1205 3265 planitiem·-

117 3273 148 3323 in
171 3271 228 3321 illis
253 3273 402 3337 lrabelrant,
439 3274 467 3321 et
496 3271 592 3323 collem
624 3284 642 3323 u
685 3273 834 3336 complent]
854 3271 961 3327 seilicet
989 3283 1042 3324 uon
1060 3286 1147 3337 usque
1169 3276 1205 3327 ed

118 3341 210 3392 Gallis
235 3344 395 3404 occupatum
420 3352 473 3391 nou
491 3341 565 3393 intra
580 3353 641 3390 mn·
684 3342 827 3406 oppidum,
855 3341 928 3391 iuter
959 3343 1028 3404 quod
1059 3345 1088 3393 et
1114 3352 1208 3395 saura

118 3411 238 3462 uitiones
250 3411 433 3461 Romanorum
451 3411 539 3461 fuisse
553 3410 643 3463 lector
686 3411 826 3464 Gallorum
852 3410 1013 3460 munitiones
1033 3410 1099 3462 illae
1117 3422 1206 3478 eraut,

118 3481 258 3534 doeendus
275 3492 329 3531 non
346 3489 416 3530 erat.
686 3492 756 3542 quas
773 3493 948 3542 perrumpere
967 3493 1015 3529 eos
1033 3482 1207 3546 oportuisset,

175 3551 208 3600 el)
241 3548 343 3599 nostris
374 3549 580 3607 munitionibus]
613 3546 643 3597 in
686 3551 836 3612 sedesque
862 3551 895 3599 ad
912 3549 1077 3601 contrariam
1100 3559 1128 3600 et
1148 3553 1207 3602 ool-

118 3618 233 3682 planitie
257 3617 354 3681 iactis,
381 3631 450 3681 quae
475 3632 499 3667 o.
517 3618 550 3669 81
576 3617 602 3679 3
626 3617 641 3665 1
686 3618 721 3675 lis
739 3620 884 3669 exterioris
901 3618 1040 3669 radicibus
1056 3621 1208 3702 oppositam

117 3691 148 3740 et
160 3687 194 3739 83
200 3687 429 3752 scampestres
441 3688 575 3737 drountnr
600 3688 644 3739 Ad
686 3693 789 3751 partem
807 3698 953 3739 extremam
973 3689 1112 3766 planitiei,
1130 3691 1207 3743 ouius

118 3757 259 3821 planitiem
289 3759 361 3808 enim
391 3756 556 3817 pertinuisse
583 3758 642 3806 col·
685 3759 824 3819 longitudo
843 3758 868 3806 si
890 3758 930 3807 ita
948 3759 1022 3807 diota
1040 3742 1099 3825 est,
1122 3770 1152 3810 nt
1166 3762 1226 3812 ad·

119 3832 192 3890 lem,
210 3826 238 3877 in
256 3839 307 3889 quo
326 3827 408 3876 Galli
418 3827 597 3877 consederant
615 3832 642 3875 et
686 3840 710 3882 ιι.
728 3827 807 3886 695.
825 3828 1023 3893 asseruimus,
1047 3840 1135 3893 neque
1152 3829 1206 3881 ite·

120 3904 217 3948 castra
236 3878 644 3961 posuerant,exseqnentil1us
686 3900 749 3949 rata
765 3897 825 3949 eius
842 3896 1005 3959 significatio
1022 3900 1046 3946 Ιι.
1065 3898 1085 3948 l.
1101 3899 1207 3950 inutilis

120 3966 291 4031 intelligitur.
327 3931 403 4015 luter
422 3968 488 4015 ltaee
506 3973 599 4016 eastra
616 3971 645 4015 et
686 3975 745 4032 est,
770 3975 797 4015 et
815 3971 889 4015 reete
908 3978 943 4019 ea
967 3967 1111 4035 planities,
1136 3981 1207 4030 quoe

121 4037 287 4089 exteriorum
324 4034 497 4086 munitionum
533 4046 643 4094 campe·
687 4045 814 4098 qnantum
837 4036 962 4102 patebat,
988 4038 1110 4098 equitatu
1132 4050 1207 4088 eamr

122 4107 218 4158 strium
253 4113 356 4170 partem
390 4113 537 4155 extremam
568 4103 644 4153 mille
687 4106 824 4170 plebatnr,
842 4106 932 4158 omnis
949 4107 1079 4171 compleri
1097 4106 1206 4162 dieitur.

120 4187 251 4239 passuum
264 4175 381 4241 spatium
392 4162 561 4231 interiectum
575 4182 644 4226 erat.
