2700 4726
204 316 270 382 i30
464 311 535 378 DE
564 309 745 379 Bouto
774 308 1029 382 euthico
1096 310 1098 315 ’

202 490 291 582 loeo,
312 499 381 566 aiio
398 508 549 590 tompore
571 507 675 589 utque
696 500 895 587 oportuerit,
918 503 1057 567 fratrom
1075 522 1093 565 a
1111 501 1220 567 fratre
1238 523 1294 568 re·

203 590 406 669 nuntiatum,
422 608 496 655 oum
512 591 605 674 leges
622 587 689 654 duo
706 610 747 653 ex
759 611 824 655 uua
839 589 966 654 familia
980 591 1055 655 rivo
1068 598 1213 675 utroque
1227 602 1293 656 nou

204 678 313 743 solum
330 677 550 763 magistratus
567 678 675 743 oroari
693 676 1207 754 vetarent,sedetiamiriseuntu
1216 699 1293 744 esee

161 779 183 844 4
205 765 432 852 prohiberent,
452 763 572 831 cotun
589 765 768 851 imperium
783 763 950 852 deponere
966 766 1088 848 coegit,
1111 762 1293 831 conviato-

203 852 358 931 litavem,
394 853 451 938 qui
478 874 541 938 per
568 851 762 919 sacerdotes
790 860 886 917 'more
913 853 1061 917 civitatis
1084 851 1292 918 intermissis

204 940 461 1026 magistratibus
482 946 576 1007 esset
597 946 749 1020 oreatus,
772 947 976 1028 potestatem
998 938 1152 1005 obtinere
1175 941 1292 1011 iussit.

271 1131 300 1194 S.
319 1132 336 1182 o
356 1131 420 1190 duo]
453 1131 538 1193 liong.
558 1133 593 1185 A.
612 1132 683 1184 And.
702 1131 753 1182 ox.
771 1129 857 1182 Voss.
876 1127 933 1178 AG.
953 1129 987 1179 Ν.
1011 1130 1082 1179 flav.
1100 1132 1135 1183 A.
1158 1129 1239 1194 (Par.
1257 1133 1293 1181 A.

237 1199 313 1252 eost.
338 1211 396 1250 seu·
421 1199 542 1262 Wiritt.)
567 1201 627 1251 Pet.
648 1202 734 1252 cond.
759 1200 811 1250 tiu.
839 1199 867 1250 ot
884 1210 951 1249 aur.
969 1210 1012 1259 pr.
1034 1199 1083 1248 Dr.
1101 1196 1133 1248 Α.
1152 1200 1227 1251 duos
1244 1200 1293 1250 Dr.
1347 1230 1349 1236 ·

235 1270 296 1324 Bet.
319 1280 337 1319 a
360 1281 395 1318 m.
419 1281 476 1318 seo.
497 1274 532 1321 A.
555 1272 636 1321 Vrat.
653 1269 731 1321 uuo.
754 1271 837 1320 (ioth.
855 1269 886 1317 B.
911 1268 1007 1321 iiamb.
1026 1266 1208 1319 vindrici).
1230 1270 1292 1319 edd.

234 1340 302 1389 tute
323 1338 390 1389 oud.
408 1333 495 1402 (duur
512 1340 583 1389 Veu.
607 1340 682 1399 ede.)
710 1338 753 1390 (it.
765 1339 837 1390 edu.
855 1350 895 1389 or.
913 1336 949 1386 ad
966 1335 993 1400 5,
1010 1336 1046 1387 ³8
1062 1337 1125 1400 Μ
1145 1342 1174 1388 et
1195 1336 1292 1390 tiara-

236 1408 293 1460 tou.
311 1408 347 1458 ad
361 1406 419 1458 cio.
439 1409 515 1459 Sext.
534 1421 558 1459 a.
576 1407 654 1473 5311.
671 1409 733 1461 217.
749 1409 827 1469 (ilai.
846 1422 873 1471 p.
892 1407 970 1470 1203,
988 1405 1048 1470 31.)

269 1506 297 1566 s.
323 1505 343 1558 4
373 1505 638 1606 Conuictolitauem]
671 1509 756 1591 Voss.
774 1509 809 1557 A.
826 1508 906 1570 Egon.
922 1507 997 1556 Gott.
1015 1506 1099 1588 Boug.
1115 1506 1155 1588 .A'
1173 1506 1240 1587 i’ar.
1258 1510 1293 1559 Α.

232 1577 386 1697 ididia?
401 1578 490 1697 diddo
500 1573 807 1698 {offendimini
816 1574 1293 1763 Buepbppippptppppttltppppoezepl.

233 1715 317 1765 vinu.
341 1717 375 1764 A.
402 1716 516 1767 nestero
539 1717 660 1767 stramen
683 1717 779 1766 sans.
804 1699 1067 1777 convectatum,
1097 1714 1183 1778 errqur
1203 1716 1294 1776 (uon-

232 1785 324 1836 uinot.
340 1785 389 1834 Dr.
404 1783 437 1836 A.
456 1787 536 1836 Vrat.
549 1787 581 1836 B.
600 1782 750 1837 Coniurat.
768 1783 853 1838 vinu.
865 1781 927 1846 131.)
946 1785 975 1832 et
992 1783 1058 1843 edd,=
1068 1778 1116 1834 'Gt
1130 1799 1154 1836 o.
1170 1787 1205 1835 32
1220 1786 1248 1848 s.
1264 1785 1291 1836 4.

267 1883 450 1944 intermissis]
484 1882 629 1936 interieris
650 1885 714 1935 Por.
733 1883 862 1932 museo.
882 1883 1082 1953 Achaiutrium.
1105 1884 1187 1935 inter
1204 1885 1291 1936 Voss.

232 1951 343 2005 Clorkii
361 1953 536 2005 intromittis
552 1958 640 2019 Bong.
654 1954 684 2004 G.
704 1953 927 2016 quemadmodum
941 1953 1066 2003 nouridili
1079 1965 1116 2002 ex
1127 1954 1292 2006 coniectura

231 2024 408 2075 scribendum
432 2026 574 2088 putarunt.
600 2010 744 2077 adnuet!
759 2022 880 2074 malebat
907 2022 976 2072 0ud.
997 2015 1145 2088 παρόντων
1162 2019 1221 2076 roir
1239 2019 1292 2092 uip-

229 2089 333 2159 gdrsur
352 2096 418 2146 idet.
435 2094 473 2146 V.
488 2095 538 2147 int

723 2209 731 2240 t

195 2258 291 2313 dontio
307 2260 393 2313 activi
410 2262 440 2313 iu
458 2260 501 2311 nis
520 2258 721 2315 uommeuturiis
763 2250 782 2311 α’
798 2269 912 2324 summo,
928 2260 977 2311 sed
991 2260 1026 2312 ab
1040 2259 1111 2312 ornui
1125 2259 1291 2325 magistratu

195 2342 260 2381 esse
277 2333 364 2382 soleta
385 2331 526 2394 passivum
543 2332 578 2380 de
595 2328 721 2393 personis
761 2328 962 2395 intercederet,
985 2342 1037 2392 quo
1056 2333 1218 2383 sacerdotes
1238 2345 1289 2382 seu

194 2397 225 2449 in
241 2401 374 2465 doctriua,
392 2412 461 2463 quae
474 2401 582 2461 proprie
595 2409 721 2463 vocatur,
762 2398 874 2447 druides
890 2397 969 2461 quasi
986 2398 1137 2463 interreges
1152 2414 1223 2467 eum,
1243 2403 1291 2462 qui

194 2480 246 2519 seu
264 2468 415 2520 eruditione
432 2469 533 2519 dietum
557 2472 600 2517 est
619 2470 653 2534 2,
683 2469 720 2518 20
762 2479 943 2529 successurus
955 2468 1040 2528 esset,
1057 2477 1194 2521 crearent.
1229 2470 1290 2520 fluo

194 2534 222 2597 8„
246 2540 265 2587 3
288 2533 338 2601 (ab
360 2537 426 2588 uitis
447 2535 547 2589 doceri
564 2533 720 2602 poterant)
761 2531 1289 2590 mddocreutusreotiesimes'nterruis-

193 2602 228 2671 d,
259 2605 295 2657 42
313 2605 340 2666 S.
358 2611 376 2658 2
395 2606 446 2668 (ub
463 2607 499 2656 tis
515 2605 717 2664 docebuntur).
761 2605 802 2655 sis
820 2605 1037 2670 maqutrattous
1056 2610 1168 2658 oreatus
1185 2608 1288 2660 dieitur

193 2676 236 2727 Ao
253 2676 287 2725 de
305 2676 427 2726 caesare
444 2677 517 2726 dicto
535 2675 718 2736 perspicuita-
761 2674 856 2724 eadem
880 2675 1079 2737 significatione
1104 2677 1198 2745 verbi,
1234 2692 1289 2740 qua

193 2745 230 2795 tis
246 2757 349 2808 eausa,
381 2759 415 2795 ne
434 2744 540 2795 uiuitur
561 2745 653 2795 doceri
671 2745 718 2793 vi·
760 2742 794 2806 5,
824 2741 890 2803 78.
906 2748 924 2794 6
941 2744 1109 2796 intermissu
1127 2749 1288 2814 profectio,

191 2814 313 2882 deretur,
330 2815 459 2866 caesuris
475 2825 574 2866 nomeu
590 2815 652 2865 addi
668 2816 717 2867 do·
760 2811 796 2861 ih.
824 2813 842 2864 8
866 2811 892 2873 S.
919 2816 934 2862 1
959 2816 1065 2865 uentus
1089 2815 1286 2882 intermissus,

191 2882 281 2934 tiebat.
440 2916 445 2930 .
758 2881 825 2932 aiibi
843 2881 901 2932 alia
916 2894 934 2932 a
949 2876 1071 2934 Caesare
1085 2886 1173 2936 multu
1187 2886 1287 2936 dieun-

758 2952 814 3002 tur.
849 2950 943 3014 Neque
960 2953 1027 3002 iliud
1046 2954 1137 3003 obstat
1160 2956 1224 3005 huia
1242 2956 1286 3006 in-

757 3020 1042 3085 terpretatioui‚.quod
1054 3023 1210 3073 interiorum
1225 3037 1285 3075 rna-

756 3091 920 3161 gistratuum
938 3092 1011 3152 apud
1030 3092 1159 3142 Haeduos
1183 3094 1285 3146 mentio

756 3171 890 3221 nusquam
907 3160 985 3213 taeta
1002 3162 1054 3212 est.
1090 3161 1194 3223 Quibus
1212 3165 1284 3214 euim

756 3241 883 3281 summus
895 3231 940 3278 est
953 3230 1141 3298 magistratus,
1159 3231 1195 3282 iis
1208 3233 1285 3283 iute-

756 3299 845 3350 riores
863 3309 916 3348 uou
934 3300 1033 3349 deesse
1050 3314 1164 3351 necesso
1183 3302 1236 3367 est,
1253 3307 1282 3352 ot

189 3402 217 3450 et
233 3398 396 3453 insolentius
413 3406 456 3451 est
469 3401 541 3451 iuter
553 3403 715 3464 imperfecta
755 3365 872 3431 phuam
889 3368 948 3427 ΠΜ
969 3381 1027 3418 Μ
1040 3370 1093 3419 ¹³³¹
1109 3382 1158 3432 Ρη
1173 3384 1206 3453 ⁸?
1218 3372 1282 3433 ψ’

178 3468 348 3531 tent...
754 3438 1282 3569 iii.trusisti‘intuiti

240 3569 299 3631 SA
316 3571 482 3624 intermissis
495 3570 712 3639 magistratibus]
754 3575 947 3626 controversia
965 3576 1112 3628 inferiores
1129 3578 1165 3642 ii,
1199 3582 1245 3643 qui
1263 3591 1282 3630 a

243 2982 407 3052 oportuerit]
433 2984 520 3036 Recte
544 2985 685 3051 Heerwag
701 3015 716 3028 ·

191 3049 254 3104 nius
271 3055 345 3114 apud
357 3055 481 3104 Heidium
500 3056 552 3104 hoe
569 3055 608 3106 ita
625 3058 715 3120 expli-

162 3144 176 3155 -’
191 3124 254 3187 out,
272 3129 302 3172 ut
320 3125 492 3173 statuendum
512 3125 585 3174 dieat
601 3125 630 3175 iu
649 3139 715 3177 ora-

190 3190 265 3242 tioue
280 3201 359 3243 reeta
376 3193 524 3260 oportuit,
555 3205 609 3243 uon
626 3209 715 3260 opor·

189 3259 287 3325 tedet,
307 3261 406 3317 fuisse.
440 3264 492 3312 Sed
509 3265 617 3326 poteret
632 3265 663 3313 iu
681 3279 715 3317 ea

189 3330 243 3380 iroo
260 3343 314 3381 nou
332 3332 438 3396 minus,
457 3344 536 3394 quam
552 3332 621 3381 iilud
640 3345 713 3400 esse,

188 3638 240 3688 liis
266 3642 362 3693 verbis
389 3641 561 3706 significatus
588 3640 712 3692 civitatis
753 3643 877 3705 pertibus
895 3644 957 3695 coti
975 3651 1097 3713 stabant,
1119 3652 1282 3708 potestatem

187 3708 319 3759 Haeduae
342 3724 400 3763 mos
423 3713 467 3761 hic
485 3711 573 3763 tuisse
595 3713 711 3779 videtur,
753 3714 908 3764 continuam
925 3718 1081 3782 tenuerant,
1099 3720 1202 3778 etipse
1218 3718 1280 3769 ior-

187 3779 219 3826 ut
237 3777 354 3841 singulis
372 3781 450 3832 aunis
468 3781 544 3832 finito
562 3783 639 3843 regia
658 3793 710 3842 po·
753 3789 831 3833 tasse
849 3784 941 3851 Cotus,
960 3789 990 3835 'ut
1007 3787 1054 3848 qui
1073 3785 1130 3835 ulio
1148 3789 1282 3851 tempore

188 3847 289 3896 testate
306 3849 383 3915 eius,
408 3850 454 3911 qui
471 3864 602 3901 summum
622 3852 711 3913 magi-
751 3853 839 3916 utque
853 3855 1031 3920 oportuerit,
1045 3855 1217 3907 renuntiatus
1230 3870 1279 3906 es-

188 3918 304 3966 stratum
328 3925 469 3983 gesserat,
500 3933 553 3971 nou
574 3920 709 3985 contiuuo,
752 3925 805 3985 set,
818 3922 877 3983 siue
888 3924 1090 3975 intermissione
1100 3932 1279 3977 successerat

187 3987 409 4047 quemadmodum
433 3990 536 4040 Romae
569 3990 709 4057 eonsules,
752 3990 844 4056 tratri,
863 3994 945 4043 nihilo
960 3997 1050 4044 tamen
1068 3994 1158 4045 miuus
1173 3995 1280 4046 Gouri-

185 4050 240 4106 iam
251 4059 315 4105 aute
324 4065 433 4108 oreatus
442 4060 602 4110 succederet
610 4071 709 4122 novus,
752 4061 893 4110 utolitavis
912 4075 973 4112 oum
992 4064 1110 4114 usseoiis
1132 4066 1191 4116 suis
1209 4067 1280 4118 mori

185 4124 236 4174 sed
255 4126 359 4177 certum
377 4128 509 4189 quoddam
527 4136 633 4188 tempus
650 4128 710 4177 ior·
752 4129 877 4180 civitatis
915 4134 1065 4185 obsecutus
1101 4134 1280 4189 intermissis

185 4200 264 4246 tasso
275 4194 356 4250 unius
370 4194 425 4247 diei
438 4198 709 4250 veouumuonsoiuur
753 4198 971 4266 magistratione
990 4210 1103 4257 oreatus
1118 4208 1188 4257 erat.
