2700 4726
409 267 618 344 nlnvll.
662 267 849 342 οΑΡ.66
1105 272 1172 339 639
1223 261 1226 269 ’
1266 314 1274 337 .

88 464 221 525 rentur.
279 454 318 524 si
346 455 480 546 pedites
507 459 581 527 suis
610 458 769 527 auxilium
784 459 910 525 ierunt
932 462 1032 545 utque
1062 454 1097 523 in
1125 479 1165 524 eo
1190 444 1216 524 δ’

90 552 282 626 morentur,
314 545 381 611 iter
408 546 518 615 iuuere
547 569 612 613 non
642 567 759 634 posse:
797 546 848 627 si,
875 547 917 635 Ιἰᾱ
943 545 1032 632 quod
1061 545 1168 629 magis
1254 566 1257 571 ·

51 689 54 691 .
87 634 241 717 futurum
262 632 424 716 confidet,
445 635 576 701 relictis
599 633 848 722 impedimentis
871 652 951 700 suae
970 632 1075 698 soluti
1091 654 1170 699 con·
1241 657 1247 668 ·

124 825 249 886 pretatur
266 822 338 890 tuedo
356 824 425 894 bueo
439 824 540 893 binii>
557 838 591 881 eu
605 827 659 880 tent
675 820 829 892 unpeiiieteu
842 821 983 888 debitunt
997 822 1072 895 iptio
1079 822 1170 890 dedite

124 892 258 960 qubiubett,
276 904 347 955 quoe
364 895 499 946 sententis
514 907 602 958 neque
619 906 669 955 per
687 907 719 944 se
734 893 882 957 probabilis
901 897 944 941 est
961 903 1048 958 neque
1061 893 1088 943 in
1099 905 1169 945 ner·

128 963 169 1011 bis
186 957 295 1011 Latinis
318 961 411 1012 inesse
429 963 546 1013 videtur.
579 965 638 1013 Neo
659 963 748 1026 magis
765 961 941 1025 probabiliter
958 964 1171 1024 Metepunostes:

125 1023 197 1097 cippi
212 1026 264 1096 τήν
283 1023 349 1080 ὁδόν
364 1025 478 1096 οἶοχολοο
501 1031 579 1086 iuuet.
609 1032 722 1083 Accedit
740 1033 809 1095 quod
826 1030 978 1096 impeditos
995 1030 1171 1090 impedimen·

126 1107 214 1150 torum
233 1097 433 1163 significatione
452 1050 595 1165 privetur,
620 1113 699 1165 quum
716 1102 857 1162 postulare
876 1099 1019 1163 sequentia
1035 1097 1169 1163 videntur.
1249 1097 1253 1101 ’

124 1168 222 1230 linque
238 1176 312 1217 recte
331 1172 358 1218 et
376 1171 445 1221 θοὰ.
461 1169 490 1221 in
506 1172 548 1220 ed.
564 1171 587 1219 1.
606 1169 637 1219 in
654 1169 835 1232 recipiendum
854 1170 984 1233 ostendit,
1003 1168 1030 1217 ln
1043 1171 1070 1218 2.
1090 1181 1172 1218 rece·

127 1236 182 1301 pit,
207 1239 234 1285 et
252 1239 382 1300 quomodo
401 1245 463 1299 post
484 1239 606 1302 proinde
628 1237 755 1288 excidero
773 1241 908 1304 potuerit,
934 1239 1080 1288 secundum
1098 1237 1171 1289 Dru-

129 1306 212 1355 neno.
232 1310 264 1354 ed
280 1305 344 1354 Liv.
362 1307 407 1370 ³7,
424 1306 457 1357 ³1
477 1307 503 1368 8.
519 1306 537 1357 4
554 1307 646 1358 docuit
662 1307 852 1371 Kreyssiglus.
975 1362 978 1369 Δ
1037 1356 1041 1363 ,

105 1387 108 1390 “
155 1371 340 1440 ,adorirentud
359 1377 441 1438 Bong.
455 1377 489 1432 Α,
506 1376 626 1427 Leidn.
644 1377 763 1426 vossll.
781 1377 895 1427 ileum
911 1375 1030 1424 vratn.
1049 1375 1170 1426 delinit.

126 1442 210 1494 Viud.
219 1445 252 1492 A.
272 1444 447 1496 adoriretur
461 1446 545 1497 [lull.
564 1447 738 1497 adoriuntur
751 1444 833 1495 Voss.
841 1442 873 1494 Α.
888 1447 962 1505 ugo.
975 1445 1038 1495 Pur.
1047 1447 1081 1494 A.
1099 1444 1172 1496 udo·

127 1512 250 1562 riantur
275 1512 373 1575 reliqui
397 1515 473 1564 codd.
499 1524 527 1565 et
550 1517 608 1565 edd.
626 1527 737 1577 omnes;
763 1515 945 1579 quodnnescio
960 1524 1015 1577 que
1032 1515 1066 1563 de
1086 1525 1173 1564 causo

126 1582 215 1631 mirrus
234 1586 362 1632 accurate
380 1583 481 1634 dictum
502 1582 674 1634 existimasse
693 1583 772 1647 Nipp.
797 1596 821 1645 p.
841 1583 876 1632 85
900 1582 1023 1648 videtur,
1050 1583 1173 1644 equidem

127 1653 156 1700 ut
175 1649 333 1699 conminus
351 1660 453 1702 rectum
473 1656 501 1702 et
518 1653 605 1717 magis
627 1653 755 1704 usitatum
774 1653 956 1712 praeferrem,
983 1651 1007 1699 si
1028 1664 1075 1712 per
1096 1654 1177 1703 cudi«

127 1719 306 1782 conticeret,
332 1733 445 1782 quorum
464 1724 552 1772 tomen
572 1723 691 1784 ipsorum
710 1723 859 1771 auctoritas
888 1723 913 1770 b.
931 1723 950 1781 l.
976 1720 1003 1768 in
1028 1721 1173 1772 dubitatio-

126 1801 187 1839 nem
210 1788 304 1838 vocari
322 1794 418 1849 potest.
454 1787 580 1840 Ceterum
601 1792 636 1843 oi.
653 1793 715 1841 udn.
734 1790 772 1840 cr.
793 1792 829 1840 ud
849 1790 881 1852 5,
902 1789 938 1840 58
958 1785 983 1848 8.
1001 1785 1028 1840 t.

105 1909 108 1919 ,
161 1856 188 1917 8.
207 1856 232 1907 5.
250 1856 354 1918 pedites
372 1857 444 1919 suis]
469 1859 610 1923 peditibus
627 1873 652 1909 s.
671 1861 705 1913 R.
725 1860 807 1910 Voss.
828 1860 870 1910 cl.
889 1859 967 1908 Goth.
985 1859 1040 1908 AB.
1063 1871 1091 1921 p.
1105 1870 1173 1908 enee
1193 1876 1196 1881 ·

127 1926 212 1976 Dorv.
241 1928 285 1976 Dr.
306 1927 334 1974 lt.
360 1927 438 1977 Vrot.
458 1927 488 1977 G.
517 1928 613 1980 llumb.
637 1927 720 1980 Vind.
738 1929 770 1976 ll.
797 1940 824 1991 p.
844 1927 928 1978 rebus
946 1939 970 1979 e.
994 1924 1172 1991 „nonnulll“

127 1995 233 2044 Hotom.
249 1997 334 2046 Vnsc.
370 1997 408 2044 st.
425 1996 472 2047 tir.
492 1997 516 2045 b.
535 1997 649 2056 (Frell.)
668 2010 696 2058 p.
713 1996 755 2046 eis
771 1998 840 2046 And.
858 1996 909 2047 Ox.
929 1995 1131 2059 inpedimentis
1148 2010 1173 2048 e.

129 2064 205 2114 Leid.
224 2067 257 2113 A.
284 2061 341 2116 eois
358 2056 435 2129 σφῶν
449 2059 623 2131 σκευοφόροις
640 2067 704 2114 diet.
886 2118 890 2125 ‚

163 2131 270 2198 tacere]
296 2131 464 2195 conficiendi
482 2134 565 2184 Vind.
584 2137 619 2183 Α.
648 2129 750 2197 confici
768 2132 804 2182 V.
825 2131 854 2182 C.
872 2131 938 2181 Vre.
957 2134 1018 2184 Not.
1036 2129 1174 2199 „Vatica-

126 2214 178 2250 nus
198 2203 269 2250 liber
286 2205 315 2250 et
331 2199 432 2252 meus“
456 2203 523 2254 Vre.
541 2204 599 2252 Em.
618 2203 688 2255 And.
708 2202 758 2250 0¹.
775 2199 825 2250 Gn.
845 2202 873 2249 S.
898 2201 973 2251 Leid.
993 2206 1027 2254 A.
1052 2204 1123 2255 liar.
1138 2208 1172 2255 A.

126 2269 168 2320 lu.
193 2283 252 2332 sqq.
288 2272 398 2322 Funere
421 2282 475 2322 non
501 2260 796 2345 deteriorem‘sensum
822 2270 951 2329 praebere
973 2268 1041 2322 vidit
1060 2273 1175 2338 rectius,

130 2352 209 2401 quarn
233 2341 355 2389 ostendit
375 2341 530 2402 llerzogius
547 2341 705 2404 ampliorem
721 2339 862 2400 appellans
879 2339 1022 2402 magisque
1043 2341 1176 2394 infinitum

127 2409 296 2476 (eugendus
315 2410 365 2462 unb
386 2405 585 2475 unbefiiuuuttt)
607 2410 651 2471 qui
670 2407 816 2470 simplicior
832 2408 860 2456 et
877 2407 1028 2461 evidentior
1044 2411 1176 2464 dicendus

131 2489 201 2528 erut.
245 2479 357 2529 clarino
374 2489 441 2527 vero
463 2480 543 2530 etiem
567 2480 656 2545 epolus
673 2480 898 2536 cohaererexoom
917 2490 967 2543 eo,
993 2482 1062 2543 qood
1083 2482 1176 2543 seqni-

130 2554 175 2596 tur
201 2547 368 2610 (spoliatum
387 2545 444 2604 iri)
467 2548 622 2599 videbatur.
664 2539 742 2596 utini
754 2547 856 2613 tacere
876 2544 977 2614 tutius,
1005 2551 1054 2600 sed
1076 2549 1178 2621 conplet

128 2611 214 2666 nihilo
231 2617 352 2665 deterius
372 2616 492 2666 videtur.

164 2683 294 2750 confidat]
316 2681 474 2748 confidebat
498 2686 548 2736 ΟΧ.
573 2684 652 2737 Dok.
668 2683 754 2734 bosv.
780 2683 853 2734 liar.
873 2678 905 2733 A.
932 2683 979 2733 Dr.
997 2685 1027 2734 B.
1048 2687 1127 2739 Vrat.
1144 2686 1177 2740 0.

26 2744 30 2753 ’
129 2753 209 2804 Goth.
228 2754 258 2802 ll.
284 2752 366 2804 Vind.
386 2751 482 2807 Acti.
506 2755 604 2818 (doeg.
624 2751 656 2804 C.
682 2752 756 2812 Pel.)
782 2753 844 2803 edd.
867 2760 931 2803 ente
955 2752 1033 2816 Lips.
1056 2758 1179 2820 exceptis

94 2922 232 2972 Salustius
251 2925 279 2972 et
296 2921 441 2974 Suetonius
458 2926 486 2973 et
504 2923 615 2975 'lucitus
658 2921 802 2986 equitibus,
817 2919 876 2971 eius
886 2921 1016 2973 rationem
1032 2922 1059 2983 8.
1070 2928 1087 2975 6
1100 2925 1179 2978 Num

96 2993 131 3042 iis
146 2991 225 3059 locis,
244 2992 493 3054 qulbusGesnerus
507 2994 615 3058 in'llie-
658 2994 694 3043 de
718 2989 859 3055 equitibus
883 2993 936 3042 etc.
962 2993 1058 3042 reddit.
1098 2995 1179 3063 Suis,
1230 3020 1241 3027 ··

97 3072 181 3111 sauro
203 3061 293 3123 ipsum
317 3071 407 3112 actum
433 3075 482 3119 seu
507 3063 616 3112 ductum
657 3063 686 3112 ln
705 3070 757 3123 quo
774 3058 903 3109 clarinus
920 3061 1020 3124 retus,
1043 3065 1111 3125 qood
1129 3067 1178 3114 de-

96 3131 234 3179 exercitus
256 3133 307 3181 bec
332 3132 449 3181 dictione
474 3129 616 3193 signitica-
659 3130 831 3179 sidersverut
843 3128 1044 3192 Hotomanus,
1064 3134 1110 3181 vel
1123 3131 1180 3183 im·

97 3207 154 3249 tom
169 3211 232 3249 esse
248 3203 334 3260 putet.
359 3199 515 3264 impeditos
526 3203 616 3250 entem
657 3198 828 3264 pedimentis
847 3197 893 3246 vel
912 3200 1011 3263 „qnod
1027 3199 1080 3249 ism
1096 3212 1180 3263 pree·
1203 3238 1207 3247 .
1287 3231 1290 3235 -

97 3268 202 3319 adoriri
222 3270 316 3318 lubens
335 3268 543 3334 vercingetorix
561 3280 615 3319 non
659 3275 800 3329 cesserat,
817 3264 930 3332 numine
942 3268 1095 3336 impeditio,
1112 3271 1180 3321 snb·

97 3337 127 3387 in
145 3336 251 3400 equites
269 3339 438 3400 Germanos,
462 3340 495 3388 de
520 3337 617 3399 quibus
661 3332 807 3400 intelligi·“
827 3346 907 3396 posse
925 3337 1111 3402 existimabat,
1129 3352 1180 3403 ge·

97 3405 292 3472 dibellionum,
314 3415 362 3457 eut
386 3406 492 3459 omnino
516 3409 619 3459 Rome·
661 3405 737 3457 neris
750 3402 895 3454 masculini
912 3412 939 3455 et
953 3405 1040 3457 instet·
1051 3409 1181 3460 substen-

97 3487 193 3525 nurum
212 3476 238 3524 in
257 3478 421 3539 equitatum,
448 3478 482 3526 de
499 3489 552 3537 quo
569 3487 622 3526 uo·-
662 3475 788 3535 tiniosi,
806 3479 836 3522 ut
853 3472 886 3534 l,
906 3476 939 3525 tu
958 3472 983 3533 S.
998 3471 1017 3523 t
1033 3484 1061 3524 et
1077 3475 1138 3528 clv.
1153 3481 1180 3542 3,

98 3544 205 3606 gitobat
219 3544 438 3611 oudendorpius,
456 3547 506 3594 sed
524 3546 553 3595 in
570 3558 619 3607 pe·
662 3543 699 3598 78
722 3538 784 3602 84
815 3543 890 3599 (eun
913 3543 1058 3594 nouitium
1082 3547 1181 3612 ferne)

100 3613 170 3663 dites
184 3614 312 3674 impetum
327 3614 420 3665 fecere
433 3613 538 3677 equites
554 3626 620 3666 euos
662 3616 691 3662 et
703 3615 731 3673 2,
746 3611 781 3662 1⁰
796 3609 848 3671 §.5
868 3611 945 3668 (suis
959 3611 1101 3666 ancilium
1115 3617 1181 3683 fer·

99 3681 195 3732 iubere
219 3682 380 3732 statuendus
407 3692 460 3732 est.
494 3674 538 3734 ut
548 3683 620 3733 enlm
662 3685 787 3740 sentiet
803 3678 954 3742 ubicunque
971 3681 1140 3735 incesseris
1155 3694 1183 3737 et
1253 3705 1256 3712 ·

99 3751 291 3813 impedimento
308 3750 465 3815 portabant,
483 3754 512 3800 et
528 3751 620 3803 iubos
662 3752 825 3815 reliquorum
855 3751 1055 3802 commentariis
1083 3755 1183 3809 sollte·

99 3831 212 3887 postero
229 3824 273 3872 die
292 3821 419 3884 impeturn
439 3822 536 3871 tacere
556 3831 620 3871 coe·
662 3821 731 3874 mom
748 3824 870 3879 appetet.

100 3892 177 3958 pisse
196 3891 270 3941 Gelli
286 3891 413 3940 dicuntur
431 3903 456 3941 o.
472 3891 508 3941 67
525 3888 552 3949 8.
571 3890 599 3940 1.
714 3889 743 3938 id
763 3887 845 3950 qnod]
871 3884 915 3935 Gi.
941 3886 1004 3937 udo.
1030 3891 1066 3940 ud
1089 3887 1122 3954 4,
1147 3894 1183 3945 29

153 3959 180 4020 8.
199 3959 216 4011 5
238 3959 269 4010 Si
293 3959 396 4022 pedites
414 3957 473 4009 suis
490 3957 622 4011 auxillum
664 3959 691 4021 8.
710 3962 735 4009 ³.

104 4031 210 4090 terent]
229 4030 304 4090 Quod
317 4029 422 4090 pedites
432 4027 531 4093 potius,
542 4039 624 4091 quom
669 4044 673 4050 ⁴
714 4024 821 4078 relictis
837 4025 1034 4088 impedimentis
1049 4040 1117 4079 sune
1134 4040 1183 4079 ss-

103 4101 209 4218 elqoitos
238 4098 368 4179 auxillum
398 4097 624 4219 iterentggmponlg
665 4095 1185 4231 Lintffignsinlggglwgchioihquosnin

103 4178 455 4233 r,1nquosunpoos
587 4179 606 4220 u
810 4178 836 4218 m
889 4179 897 4216 ι
1016 4178 1186 4233 τους
