2700 4726
395 325 498 397 tls.
519 321 603 400 vii.
648 324 769 400 cir.
790 332 835 400 53
1094 334 1160 402 tos
1197 408 1201 413 ,

72 513 234 582 virtutem
272 520 375 604 atquo
408 514 512 583 animi
546 515 807 602 magnitudinem
839 517 1045 585 desiderare.
1104 520 1163 591 53·

72 603 149 671 Hae
177 602 291 670 habits
322 604 480 671 concione
510 612 545 671 et
576 603 618 671 ad
646 597 830 673 extremum
860 607 1013 673 oratione
1042 607 1163 673 conlin-

76 692 179 758 matis
202 691 381 772 militibus,
402 713 445 759 na
465 691 509 759 ol)
531 694 614 759 hano
636 715 771 760 oausam
798 696 908 762 animo
931 715 1163 783 permoveron·

73 787 146 857 tur,
165 801 230 847 ocu
248 779 339 868 quod
358 780 520 867 iniquitas
538 780 607 847 loci
622 782 808 865 attulisset,
829 781 866 848 ii
879 783 1001 851 virtuti
1012 782 1163 850 hostium

74 868 284 949 tribuerant,
323 866 439 945 eadam
471 866 514 933 do
542 867 750 958 profectione
771 873 944 956 cogitans,
977 890 1063 955 quaa
1085 878 1164 936 ants

74 962 248 1036 senserat,
282 955 435 1040 legiones
468 975 509 1021 ex
539 958 664 1023 castris
694 955 812 1023 eduxit
842 959 1013 1044 aciemque
1042 955 1163 1029 idoneo

73 1046 149 1110 loeo
184 1042 389 1111 constituit,
427 1040 513 1112 cum
550 1042 811 1131 Vercingetorix
845 1047 950 1112 nihilo
988 1045 1096 1129 magis
1126 1042 1206 1110 int

113 1218 187 1270 haud
205 1215 286 1269 uubis
303 1217 470 1281 probandum
487 1225 572 1270 esset.
606 1221 696 1283 Atque
713 1216 754 1271 ita
770 1215 882 1267 Tacitus
900 1219 971 1269 Anu.
988 1215 1023 1281 t,
1040 1213 1074 1269 t:
1098 1232 1166 1273 nam

101 1283 313 1339 *calcatorium
329 1288 450 1339 mititem
467 1287 574 1353 deesse,
591 1300 627 1340 oe
643 1289 669 1341 aa·
682 1288 858 1353 suppeditet,
874 1300 932 1339 noa
944 1287 1043 1339 eodem
1054 1288 1166 1342 virtute

110 1369 146 1409 ac
163 1357 306 1408 modestia
325 1368 424 1424 caere,
444 1356 513 1422 quta
531 1359 701 1423 pleramque
715 1356 816 1423 inopes
835 1368 870 1406 oc
886 1356 953 1422 coyt
967 1359 1071 1421 sponte
1087 1358 1165 1410 nate

111 1427 182 1479 tiam
198 1427 324 1478 sumant.
360 1427 415 1476 Sed
431 1425 574 1478 uirtutem
591 1430 618 1478 et
629 1425 721 1479 animi
732 1425 959 1492 moenitudtnem
975 1425 1084 1478 codices
1098 1439 1166 1479 eon·

110 1509 194 1546 sensu
212 1498 322 1547 tuentur
339 1495 382 1553 (in
408 1506 462 1545 ono
482 1496 560 1546 Leit.
587 1494 620 1546 A.
647 1497 843 1561 oleastrique,
862 1503 889 1544 et
905 1496 985 1546 Vrst.
1008 1499 1042 1546 A.
1061 1510 1111 1560 pro
1130 1509 1165 1550 eo

110 1567 193 1616 nabet
209 1567 254 1626 et,
278 1566 308 1613 et
329 1563 545 1616 morttttudtuem
563 1577 611 1627 oro
630 1565 856 1632 maynuudioem
879 1564 929 1615 Dr.
945 1560 995 1626 Α.)
1014 1567 1044 1615 et
1062 1567 1118 1619 alio
1136 1566 1165 1618 iu

108 1646 210 1698 genere
229 1633 379 1686 caesarem
397 1635 451 1685 duo
474 1633 601 1698 nomina,
635 1635 760 1688 'facttum
778 1647 860 1686 onom
877 1642 980 1699 ponere
997 1631 1027 1684 in
1046 1637 1109 1689 aon.
1129 1637 1166 1687 sol

111 1707 139 1769 2,
157 1704 191 1753 to
209 1706 235 1768 s.
257 1703 273 1751 1
293 1703 508 1753 demonstratum
526 1705 579 1754 est.

146 1775 211 1834 cap.
227 1770 270 1824 53.
288 1770 315 1832 s.
335 1776 349 1822 1
368 1771 499 1822 concione
512 1780 540 1822 et
551 1771 588 1824 etl
600 1777 749 1823 extremum
761 1770 900 1830 oratione]
919 1771 1052 1824 oratione
1065 1771 1167 1831 (omis-
1232 1809 1242 1819 .

113 1841 154 1903 ¹sis
170 1843 300 1904 quanoor
318 1839 469 1904 orionibus)
486 1841 560 1895 Low
575 1852 631 1891 seo.
652 1841 720 1892 oud.
739 1840 875 1891 concione
893 1839 1019 1903 (omissis
1038 1844 1167 1906 quattuor

111 1906 327 1978 posterioribus)
344 1911 414 1961 idem
432 1923 489 1962 see.
509 1910 602 1962 Heius.
620 1911 650 1959 ct
668 1911 747 1960 Torr.
768 1909 849 1960 Febr.
869 1909 1005 1961 oratioue
1022 1912 1052 1961 et
1068 1912 1167 1964 tiemo.

110 1980 247 2033 concione
262 1982 292 2031 et
309 1980 348 2030 od
365 1981 534 2032 eatremom
551 1979 586 2030 R.
605 1979 655 2028 Dr.
672 1979 704 2031 B.
724 1979 765 2031 cl.
784 1990 808 2029 e.
826 1981 857 2029 et
875 1980 1011 2030 extremo
1031 1981 1167 2033 oratione

111 2050 248 2114 „sicano
267 2048 406 2099 correxit“
425 2060 449 2098 e.
470 2051 500 2100 et
516 2047 555 2100 ao
573 2049 737 2101 eotremom
756 2048 890 2100 oratione
908 2046 959 2097 tio.
979 2061 1002 2099 e.
1014 2050 1046 2098 et
1059 2051 1098 2101 od
1112 2061 1168 2101 eo·

113 2122 237 2171 tremum
249 2117 412 2168 orationem
430 2118 463 2167 N.
481 2118 568 2168 Voss.
583 2116 700 2183 claruit,
718 2118 802 2181 Bon‘g.
818 2120 852 2167 A.
871 2116 953 2166 Voss.
969 2118 1000 2166 Α.
1018 2117 1077 2168 Pet.
1090 2121 1169 2182 iogm.

113 2189 249 2250 ,motuque
266 2183 468 2247 recentiores“,
488 2184 552 2236 Par.
571 2186 605 2239 Α.
622 2185 696 2234 Gott.
716 2186 783 2237 Wh.
804 2187 850 2236 Dr.
865 2185 899 2233 A.
917 2183 998 2235 Vrat.
1013 2186 1067 2236 nti.
1087 2187 1168 2238 Vlotl.

112 2256 143 2309 it.
161 2257 214 2306 ine.
230 2255 298 2304 (trid.
317 2257 343 2304 2.
379 2254 411 2304 ld
430 2253 555 2318 quamvls
573 2254 789 2305 commendatum
807 2252 975 2304 aconioious
993 2255 1027 2305 ob
1041 2253 1169 2307 dictionis

113 2325 285 2377 insolentiam
305 2324 502 2387 reprobantium
521 2325 573 2388 est,
594 2336 656 2373 eum
676 2334 711 2373 ne
728 2321 797 2372 illud
813 2321 937 2388 culidem,
956 2333 1073 2387 proquo
1091 2323 1168 2386 posi-

115 2404 169 2446 tum
195 2397 247 2443 hoc
266 2393 334 2444 0on.
352 2391 544 2458 existimabat,
572 2393 611 2443 oti
636 2391 781 2443 orationis
801 2390 902 2456 linem,
932 2391 1062 2442 usitatum
1080 2394 1168 2444 tuisse

115 2466 253 2515 niteatur.
288 2462 332 2513 At
351 2446 525 2526 terreorum,
544 2460 646 2510 omisso
665 2461 801 2511 vocabulo
817 2459 961 2525 oratione,
980 2475 1061 2523 quam
1072 2464 1169 2515 lectio-

115 2547 176 2585 nem
202 2545 263 2582 oom
286 2530 400 2582 Glarkio
425 2531 523 2594 probat
545 2531 668 2581 Handios
686 2532 764 2580 Ture.
784 2529 817 2594 1,
844 2531 911 2592 132,
939 2531 1099 2591 reprehendi
1115 2545 1170 2584 non

113 2605 212 2667 potest.
248 2599 291 2651 ct.
307 2596 337 2665 4,
356 2599 375 2651 4
391 2599 419 2659 S.
436 2601 468 2649 2:
487 2599 536 2666 qui
551 2601 713 2663 complores
725 2611 818 2649 annos
832 2600 994 2650 suecorum
1007 2601 1068 2652 cim
1079 2602 1170 2653 austi-

115 2672 265 2729 noeront5
294 2669 334 2721 aa
358 2672 524 2722 extremum
548 2671 647 2720 tomen
662 2669 744 2734 cyrio
762 2667 878 2731 caputet
895 2670 948 2717 eto.
984 2670 1044 2719 Air.
1063 2672 1114 2736 9⁰,
1138 2675 1170 2721 ze

117 2744 195 2793 eioec
219 2741 318 2791 autem
342 2740 490 2790 Romanos
502 2764 537 2774 -
551 2737 651 2788 multis
672 2736 770 2789 vertis
792 2738 944 2787 accusatos
968 2740 998 2788 et
1016 2739 1051 2790 de
1069 2751 1171 2791 eoram

116 2811 271 2863 sceleritas
292 2809 425 2874 tenuiore
447 2806 545 2859 latito
570 2807 703 2858 oratione
722 2806 761 2857 ad
778 2808 944 2857 entremum
962 2809 996 2858 ut
1013 2809 1075 2862 sine
1091 2811 1171 2860 meto

112 2881 281 2945 prodirent,
300 2877 398 2931 edicit.
433 2878 487 2926 Seu
505 2887 523 2924 a
541 2875 678 2925 codicibus
697 2887 793 2937 aarum
811 2877 838 2925 io
858 2875 963 2925 firmum
982 2885 1033 2927 est.
1072 2880 1172 2930 Audito

114 2962 182 3002 vero
201 2947 352 3011 oratione,
370 2947 441 3010 qnod
458 2946 559 2997 addunt
578 2945 647 2994 And.
665 2944 716 2994 ox.
736 2943 785 2994 (lo.
803 2946 830 2995 S.
850 2945 927 3003 liele.
946 2942 978 2994 Α.
996 2946 1067 2997 Dok.
1085 2948 1171 3000 norv.

116 3023 144 3071 et
161 3020 193 3069 ut
210 3018 278 3069 Ouo.
296 3018 353 3080 ait,
385 3014 451 3066 Vra.
477 3020 506 3063 et
525 3011 620 3076 cam,
653 3011 717 3062 item
735 3013 807 3064 flav.
828 3014 861 3064 A.
888 3012 972 3066 Vino.
992 3019 1024 3064 A.
1043 3018 1122 3068 vrat.
1140 3017 1171 3068 0.

116 3090 197 3140 Goth.
215 3087 246 3136 Β.
272 3093 301 3135 et
318 3097 378 3136 oum
395 3082 509 3145 reliquis
527 3082 587 3131 eud.
607 3080 675 3131 Ouo.
693 3082 726 3149 1,
756 3081 840 3132 lectio
857 3083 885 3130 et
905 3095 955 3144 per
973 3095 1005 3133 se
1024 3085 1173 3145 probabilis

116 3157 211 3207 existit
228 3155 379 3216 similisque
395 3153 439 3203 illi
460 3154 487 3218 1,
505 3153 540 3200 tta
558 3150 585 3211 S.
599 3150 630 3200 1:
650 3148 703 3200 Hie
720 3149 805 3202 rebus
817 3151 941 3216 counitio
953 3152 1060 3204 Omont·
1074 3153 1173 3206 Gallo·

115 3239 184 3279 ram
200 3224 311 3275 animoa
327 3222 424 3275 certia
441 3218 636 3286 confirmauit,
654 3222 683 3268 et
695 3232 737 3283 ea,
755 3231 791 3268 ex
803 3232 856 3282 qua
868 3220 1084 3282 discrepantium
1097 3224 1174 3287 origo

115 3295 238 3358 facilins,
257 3305 337 3357 qoam
354 3305 388 3341 ex
406 3291 519 3353 reliquis
538 3287 661 3340 derivsrl
680 3288 776 3352 possit.
791 3286 941 3348 (contione
959 3289 1023 3341 Par.
1037 3296 1071 3342 A.
1090 3293 1175 3347 Vitio.

115 3368 150 3422 A.
167 3365 246 3415 Rom.
267 3375 293 3414 a.
311 3363 381 3411 Med.
403 3373 428 3411 a·
446 3361 518 3412 veo.
537 3359 627 3409 benet.
647 3384 683 3394 -
700 3360 730 3409 et
750 3357 784 3408 ot
803 3359 884 3408 eutr.
901 3383 938 3396 -·
958 3358 1053 3427 l'urr.)

150 3433 178 3494 s.
198 3437 215 3482 2
234 3429 487 3491 Gum1Tumlsov.
507 3429 592 3479 Voss.
608 3424 640 3479 0.
658 3429 730 3479 Gott.
748 3428 817 3480 Wn.
836 3426 888 3476 tio.
908 3428 1004 3507 Hamb.
1119 3495 1126 3508 ι

117 3498 491 3631 cetratienitt
504 3490 1019 3630 itlilii‘ientituzitti
1032 3497 1177 3633 tuitii

116 3641 288 3706 licinianam,
320 3639 389 3687 And.
417 3638 503 3689 oron.
530 3636 662 3701 lignano.
688 3639 794 3688 noran.
820 3635 923 3684 Duker.
949 3635 1033 3686 Dorr.
1051 3634 1126 3693 Gott.
1148 3644 1177 3686 et

115 3710 233 3779 reliqui,
259 3713 289 3760 nt
308 3712 372 3771 puto
390 3719 451 3757 oum
467 3706 535 3759 llud.
553 3704 666 3776 primis,
683 3706 747 3757 item
765 3702 844 3765 Aioi,
864 3703 999 3768 Gryeiii,
1019 3701 1177 3756 Plautini.“

82 3866 196 3919 iotcrns
228 3872 320 3931 esset,
348 3877 403 3917 non
425 3869 534 3927 potem
556 3874 611 3914 uon
704 3851 1180 3924 cco.53.§.1eadern-sense-

82 3946 212 4001 nsgnnm
229 3933 405 3998 existimsre;
430 3932 475 3984 hie
490 3942 560 3982 vero
576 3944 612 3981 ne
653 3934 709 3995 rat]
740 3931 759 3983 1.
781 3943 805 3979 ο.
830 3927 1026 3991 protectionem
1047 3941 1181 3991 necesse,-

83 4006 193 4060 ounino
206 4004 306 4069 aliquis
320 3997 611 4066 soorompropterini·
653 4002 723 4055 riom
746 4000 845 4063 potans
865 4000 893 4048 et
911 3997 940 4050 in
960 3997 1182 4068 animationem,

83 4074 218 4140 quinum
231 4072 287 4127 loel
302 4073 436 4136 interiret,
452 4085 484 4122 ss
495 4081 613 4134 proces-
653 4073 704 4122 sen
728 4079 788 4121 sem
797 4102 807 4132 ,
837 4079 906 4133 quse
930 4079 985 4122 uon
1002 4076 1097 4131 nosset
1114 4073 1182 4131 nete

84 4147 205 4199 mum
229 4143 281 4198 siu
297 4143 470 4197 emaum
487 4138 612 4197 osanne
654 4142 690 4264 3¹}
706 4138 802 4263 ‘moi'
819 4136 971 4263 Ἥκω
983 4137 1068 4204 rugos
1082 4137 1182 4203 viou.
1200 4164 1203 4175 =

689 4246 698 4263 Ο
714 4221 741 4263 οὔ
811 4222 827 4260 θ
991 4262 994 4267 Ι
