2700 4726
182 277 265 347 528.
440 279 513 348 DE
563 279 744 349 unito
773 278 1033 365 dentice

183 466 237 533 uis
260 465 433 554 suffragiis
455 488 511 535 res
533 470 759 555 permittitur:
799 470 842 537 ed
864 491 965 537 uuum
990 491 1105 536 omnes
1128 467 1273 535 Vercin-

140 556 161 616 7
182 556 367 641 getcrigem
391 555 538 642 probarit
555 558 807 645 imperatorem.
850 559 910 627 Ab
925 560 988 624 hoc
1003 558 1147 625 concilio
1159 557 1273 640 Remi,

182 643 363 728 Lingones,
384 644 524 711 Treviri
548 646 722 751 uiderunt:
736 648 811 752 illi,
833 646 923 735 qued
944 647 1126 713 amicitiam
1144 643 1273 750 liumu-

182 732 1273 910 ti'tlnl‘lllt‘llnltl:lulli‘litt‘litati}

139 905 161 969 8
182 906 341 975 abessent
361 908 451 976 bello
477 918 514 975 et
532 911 663 977 neutris
684 911 809 976 auxilie
833 912 1019 979 mitterent.
1060 909 1185 996 Magno
1210 907 1272 976 do-

180 995 254 1062 lore
280 994 417 1063 Haedui
446 997 563 1065 ferunt
591 1019 629 1065 ss
653 997 805 1065 deiectos
828 999 1041 1086 principatu,
1078 1004 1272 1085 queruntur

180 1082 336 1150 munuae
358 1087 652 1153 commutationem
676 1095 711 1153 ct
727 1085 887 1154 caesoris
910 1087 946 1152 in
966 1109 1004 1152 se
1025 1084 1288 1172 indulgentium⁴

179 1173 360 1260 requirunt
388 1194 496 1261 neque
525 1182 637 1242 tumen
665 1181 827 1264 susceptu
853 1174 945 1243 bello
967 1192 1068 1241 suurn
1090 1173 1270 1253 consilium

212 1361 328 1415 ediscit:
359 1362 553 1429 „Rectissime
576 1365 647 1415 nune
666 1364 756 1415 locum
773 1363 931 1418 emendavit
947 1364 1084 1428 Vrsinus,
1113 1374 1148 1413 ex
1166 1361 1272 1413 Fesrni

202 1432 260 1497 ‹¹ss).
293 1430 335 1482 Ed
350 1433 516 1484 conveniunt
534 1434 650 1497 undique
667 1435 836 1496 frequentes.
872 1435 1056 1486 Multitudinis
1068 1433 1210 1496 suffragiis
1222 1445 1271 1483 res

206 1496 407 1565 'permittitnrss
441 1498 505 1565 lpse
527 1513 593 1552 vero
610 1503 888 1554 inEmendsticniltus
903 1505 1024 1555 Vrsinus
1043 1497 1178 1567 adverbii,
1199 1503 1270 1564 quud

167 1628 170 1634 ,
210 1571 240 1622 ln
259 1571 338 1621 Notis
363 1573 464 1623 abesse
488 1584 507 1622 u
522 1571 558 1620 V.
578 1572 610 1622 Ο.
634 1571 738 1622 Fotidi
756 1576 875 1624 testatus
893 1583 955 1637 est,
979 1572 1087 1624 ratione
1104 1583 1157 1621 ncn
1175 1569 1270 1622 lenito

210 1642 246 1693 td
265 1640 439 1704 eudemius,
464 1653 534 1704 ques
551 1650 615 1691 ente
632 1640 755 1701 Lipsium
772 1643 888 1705 vulgata
906 1650 1000 1706 erunt,
1018 1640 1166 1703 adscripsit
1183 1643 1269 1692 llaec:

210 1709 300 1774 „ouis
315 1721 369 1761 nou
387 1709 460 1760 videt
477 1712 548 1760 hunc
564 1712 653 1760 lucum
668 1709 708 1760 ita
724 1710 907 1773 scribendum,
924 1719 1007 1774 utque
1022 1711 1268 1773 interpungendum

211 1791 294 1844 esse,
325 1782 356 1828 ut
373 1778 401 1828 in
423 1778 492 1829 libro
509 1778 611 1829 Faerni
630 1778 761 1840 scriptun
779 1775 1043 1834 euimedvertimusi
1078 1781 1179 1829 Eodem
1200 1791 1267 1830 con·
1293 1830 1306 1842 N

210 1847 327 1899 veniunt
344 1847 460 1909 undique
476 1849 644 1910 frequentes.
661 1849 841 1900 multitudinis
855 1850 995 1913 suiiregils
1013 1863 1058 1899 res
1071 1845 1268 1912 permittitur.“

210 1917 333 1981 Denique
350 1916 378 1966 in
394 1917 477 1967 Febr.
495 1919 593 1968 ecdem
608 1929 627 1968 u
644 1917 738 1969 cuiue.
755 1916 932 1987 edesse,ncn
946 1921 1044 1970 abesse
1058 1921 1162 1968 tuntum
1176 1929 1195 1968 u
1207 1918 1267 1968 Pet.

209 1987 285 2039 ficit.
306 1987 383 2048 Egm.
402 1987 615 2037 demonstratum
632 1988 684 2037 est

213 2083 216 2092 ·
243 2057 409 2117 trequentes.
445 2053 641 2122 Multitudinis]
670 2056 705 2106 V.
731 2054 762 2107 0.
782 2055 900 2121 Feltini,
934 2057 1004 2106 And.
1025 2054 1075 2106 ox.
1095 2055 1268 2120 frequenter

208 2123 416 2177 multitudines·
441 2124 533 2191 „libri
549 2122 672 2175 omnes“
696 2125 788 2175 Brent.
811 2125 916 2188 reliqui
929 2125 998 2177 oud.
1018 2123 1192 2176 Parisiensec
1208 2136 1264 2174 sec.

207 2195 348 2246 Acleintr.
372 2195 443 2244 llev.
462 2196 495 2244 Α.
522 2194 569 2243 Dr.
590 2195 648 2244 All.
670 2195 752 2246 vrst.
777 2192 856 2245 illic.
879 2194 958 2246 Goth.
978 2195 1032 2243 AB.
1059 2193 1156 2244 llamb.
1180 2194 1268 2254 (Gn.)

206 2264 290 2315 vind.
308 2264 343 2313 A.
363 2265 440 2314 Rom.
458 2274 485 2313 u.
505 2263 574 2312 ven.
595 2263 619 2311 b.
637 2275 695 2325 squ
716 2275 801 2324 usque
819 2263 854 2313 ed
871 2263 949 2326 Lips.
968 2265 1147 2330 frequenter.
1167 2263 1267 2314 mutti-

206 2333 324 2384 tedicee
339 2335 386 2382 vel
404 2332 464 2382 slne
481 2332 552 2380 omni
566 2331 791 2400 interpunctione,
808 2335 839 2382 ut
853 2331 926 2382 sled.
939 2344 978 2399 u,
998 2333 1081 2397 llong.
1093 2336 1126 2382 A.
1144 2331 1186 2382 Pl.
1203 2332 1266 2384 Per.

95 2420 99 2425 ·
205 2404 240 2453 Δ.
261 2403 335 2454 Gott.
357 2402 425 2456 er.
444 2401 528 2452 vind.
545 2400 625 2452 cnr,

240 2468 268 2529 S.
286 2472 305 2524 7
322 2470 467 2529 afuerunt]
496 2468 823 2532 respueremus
844 2472 878 2520 Δ.
897 2471 974 2533 ligus
994 2469 1057 2519 l’er.
1077 2469 1111 2519 A.
1131 2469 1211 2519 Vrut.
1230 2468 1264 2517 Δ.

204 2537 284 2591 Gelli.
301 2542 335 2594 Α.
353 2537 506 2604 affuerunt
522 2537 594 2588 ileu.
610 2540 644 2587 A.
662 2539 846 2602 europei-unt
865 2539 948 2589 Voss.
964 2540 995 2589 Β.
1016 2539 1177 2603 adfuerunt
1195 2537 1265 2588 rell-

202 2607 250 2670 qul
269 2608 338 2663 oud.
356 2608 405 2658 llr.
424 2608 446 2654 Β
463 2610 501 2673 et,
520 2607 547 2655 in
565 2617 619 2670 quc
636 2605 964 2672 obfuerat—Treviri
982 2607 1025 2658 tls
1040 2609 1172 2670 deinceps
1190 2605 1264 2676 scri-

202 2683 251 2738 pte
268 2677 342 2740 suut,
359 2678 392 2725 A.
411 2677 496 2727 Vret.
511 2674 563 2726 ΒΟ.
583 2673 663 2726 ecto.
681 2677 712 2726 Β.
731 2677 829 2728 listub.
847 2679 932 2738 (Gn.)
955 2674 1035 2728 Vind.
1048 2677 1103 2727 ΑΒ.
1121 2678 1182 2727 edd.
1200 2683 1264 2728 ente

203 2742 274 2796 0ud.
309 2743 433 2795 (idedu.
453 2746 641 2810 cr.od1‚eo
661 2743 748 2816 §.5.-

238 2809 265 2878 §·
284 2814 303 2866 8
321 2813 453 2865 caeseris
472 2814 502 2865 in
521 2827 552 2865 se
572 2814 770 2876 indulgentium
786 2812 942 2878 requirnnt]
961 2815 1012 2866 Ox.
1034 2811 1108 2862 leid.
1125 2810 1262 2863 nsvin.

206 2884 242 2933 A.
260 2882 293 2933 0.
310 2882 342 2934 ist
359 2896 390 2935 se
406 2877 587 2951 indntjenttu
605 2883 777 2950 requiritur
795 2885 868 2935 lluv.
886 2885 919 2933 A.
956 2884 988 2947 ln
1008 2877 1089 2932 Vind.
1106 2883 1139 2930 E.
1160 2880 1262 2934 indut-

202 2952 334 3018 peste'um
352 2954 499 3018 emissum,
521 2953 548 3002 in
566 2951 681 3016 reliquis
699 2957 727 3006 et
744 2955 773 3005 in
791 2956 852 3005 edd.
872 2962 936 3004 ente
957 2951 1025 3003 (tud.
1045 2959 1107 3012 post
1126 2949 1263 3002 Caesarie

200 3021 320 3085 positum
340 3023 391 3072 est.
414 3023 482 3081 (Pro
499 3034 531 3072 se
544 3021 628 3073 vind.
642 3024 672 3074 Β.
691 3034 736 3088 re,
753 3034 802 3085 pro
820 3020 981 3088 requirunt
997 3022 1066 3071 ven.
1081 3021 1141 3071 hed.
1161 3021 1263 3086 requi-

202 3092 316 3144 runtur
341 3092 467 3150 nubent.)
504 3091 656 3141 Verborum
680 3093 800 3142 ordinem
824 3092 859 3142 ab
891 3090 959 3142 oud.
984 3092 1124 3152 receptum
1149 3090 1264 3154 propter

197 3168 281 3211 'usum
299 3159 442 3223 scriptoris
461 3161 604 3211 tenendum
624 3161 729 3223 putavi.
764 3161 806 3216 Oi.
826 3159 853 3229 5,
874 3160 930 3222 ⁵8·
947 3162 980 3211 3:
996 3170 1169 3223 perpaucos,
1189 3166 1262 3224 puc-

202 3241 270 3280 rum
286 3229 319 3279 in
336 3242 368 3281 ee
383 3229 468 3294 tidem
484 3233 690 3294 perspexerat.
726 3230 766 3280 lb.
784 3230 830 3294 25,
847 3225 880 3281 4:
897 3242 954 3295 pro
972 3229 1034 3280 etus
1046 3229 1262 3293 virtuteutque

200 3298 233 3349 in
251 3311 283 3350 se
300 3299 500 3351 benivolentia.
537 3299 577 3349 lb.
595 3300 642 3364 27,
661 3304 693 3351 2:
711 3298 1001 3362 neocaesareense
1014 3295 1162 3363 beneficiis.
1198 3297 1261 3348 Gir.

200 3368 227 3436 1,
245 3370 280 3420 22
297 3366 324 3430 S.
341 3372 375 3420 ὅτ
392 3368 583 3441 denarioque
600 3369 631 3419 in
648 3381 680 3420 oe
697 3367 831 3434 deuelleiu
848 3368 979 3432 seponit.
1017 3369 1059 3419 lt.
1078 3370 1105 3436 2,
1124 3368 1160 3418 ³6
1179 3364 1206 3429 s.
1226 3370 1260 3418 1:

161 3539 312 3597 lireuerus.
367 3537 584 3591 communicare
618 3535 692 3590 suin
731 3539 820 3604 plius,
850 3551 931 3603 quem
948 3545 978 3589 ut
996 3553 1027 3589 se
1046 3538 1260 3604 deterioribus,

161 3611 276 3660 verbum
306 3609 343 3660 ed
373 3607 491 3660 conside
514 3615 543 3658 et
568 3606 689 3660 renones
730 3610 828 3673 qubus
844 3610 942 3660 bellum
955 3612 1083 3673 gesturus
1096 3617 1182 3672 esset,
1194 3622 1259 3660 cer-

123 3731 126 3736 ,
159 3676 426 3742 rontonicum
441 3676 520 3730 ucbis
534 3677 690 3743 diciturpee
731 3679 816 3730 tiores
833 3678 956 3743 fuceret,
973 3679 1145 3740 petentibus,
1166 3687 1259 3730 temen

160 3734 349 3828 mtiuit'ittldp
370 3744 505 3815 bttttiett,
529 3746 689 3812 siguificare
731 3748 784 3800 siti
802 3759 906 3812 quoque
924 3746 1033 3798 consilii
1049 3751 1077 3798 et
1094 3746 1189 3798 ludicii
1203 3748 1258 3799 ali-
1292 3787 1296 3798 .

159 3829 215 3869 urs
227 3819 312 3868 elrter
326 3824 425 3885 potest,
443 3817 498 3868 uisi
514 3815 688 3879 impertiendi
729 3819 795 3883 quid
819 3829 966 3871 reservare
988 3817 1074 3868 iucile
1095 3816 1259 3880 intelligitur

159 3885 263 3950 puriter
291 3888 374 3947 etque
400 3887 552 3948 accipiendi
578 3887 689 3938 notione
730 3901 765 3939 ex
787 3899 836 3955 ec,
869 3887 940 3951 quud
955 3885 1037 3938 simul
1054 3890 1084 3938 ut
1100 3889 1137 3940 ud
1155 3899 1187 3937 se
1204 3900 1257 3938 vo-

161 3953 301 4021 mutim,
322 3957 392 4017 quud
408 3964 552 4020 utrumque
572 3957 688 4007 conluu-
728 3959 805 4025 iiiut,
821 3960 924 4021 petunt.
1056 3961 1058 3968 '

160 4025 235 4077 oum
248 4024 421 4076 consiliorum
434 4035 461 4074 et
476 4025 610 4077 rationum
623 4026 687 4075 eiii-

48 4126 53 4135 ,
159 4093 431 4147 citcommunionem.
447 4094 687 4161 Haeduosautem,
779 4094 807 4157 S.
826 4096 847 4148 8
867 4097 1029 4159 queruntur]
1061 4096 1102 4148 De
1119 4096 1256 4159 mynden
1335 4168 1337 4172 Ι

159 4164 269 4220 etiamsi
284 4163 379 4217 verbis
393 4166 534 4217 uterentur
545 4163 614 4218 ninii
626 4176 687 4217 ern·
728 4165 767 4218 ei·
777 4167 840 4219 edu·
851 4167 927 4227 ude.
936 4165 973 4217 40
982 4165 1014 4226 S.
1027 4167 1055 4221 6.
