2700 4726
208 293 277 361 soc
433 284 543 354 nn
570 224 750 353 nunno
783 280 1033 353 annnsco
1249 280 1276 391 p

169 479 190 544 t
212 473 416 543 adhibendos
435 494 567 543 consec.
612 472 697 542 cum
720 472 774 541 lris
797 472 878 539 milri
899 493 957 540 res
977 475 1044 556 sit,
1065 473 1125 560 qui
1145 468 1300 561 eruptio·

211 585 286 632 netu
322 564 484 652 probant,
527 583 671 648 quorum
707 561 742 627 iu
781 560 924 628 consilio
959 561 1107 628 omnium
1147 566 1301 628 vestrum

212 672 379 719 msensu
411 650 576 736 pristinae
603 647 754 716 residere
787 649 927 716 virtutis
961 651 1122 717 mensoria
1152 647 1300 718 ridetur.

172 739 334 808 5Anirni
358 746 411 803 est
433 737 501 804 ista
524 739 689 818 mollitia,
712 758 777 802 non
799 738 925 817 virtus,
953 734 1301 827 paulisper'incpiam

214 827 305 894 ferre
329 848 394 893 uon
417 847 532 912 posse.
584 824 656 912 Qui
677 847 713 890 se
734 826 825 891 ultro
849 825 951 890 morti
972 823 1134 906 offerant,
1163 825 1301 891 facilius

171 915 193 980 6
214 914 449 1004 reperiuntur,
471 933 572 999 quarn
586 914 648 1000 qui
663 911 814 979 dolorem
834 915 1005 1003 patienter
1017 913 1140 982 lerant.
1183 914 1303 1031 Attpue

248 1105 349 1163 cond.)
368 1105 414 1155 Dr.
427 1100 461 1154 A.
480 1104 563 1154 Vind.
581 1107 615 1154 A.
632 1104 695 1153 Ald.
713 1117 738 1155 a.
757 1104 805 1155 Gr.
823 1105 864 1154 eb.
883 1107 921 1154 lt.
942 1105 1026 1157 lircil.
1047 1107 1125 1156 Turr.
1144 1106 1217 1157 Dav.
1237 1106 1303 1157 ond.

248 1176 301 1234 Qui
327 1175 379 1227 iam
407 1173 520 1222 adhibiti
543 1174 579 1223 ad
597 1173 739 1225 concilium
758 1177 852 1224 essent
876 1174 905 1225 iu
922 1187 1008 1239 coque
1028 1174 1191 1225 sententiam
1218 1175 1303 1224 dixis-

249 1246 326 1308 se'nt,
351 1256 400 1293 eos
416 1242 594 1306 Critognatus
617 1254 670 1292 uon
693 1241 858 1295 adhibendos
882 1243 972 1294 fuisse
997 1246 1045 1293 vel
1068 1243 1217 1294 eliciendos
1241 1255 1303 1292 esse
1326 1240 1330 1248 “

248 1325 362 1363 censere
382 1316 500 1373 poterat:
528 1322 581 1361 non
601 1310 766 1364 adhibendos
790 1324 853 1362 csse
871 1312 979 1363 trustra
996 1315 1133 1364 censebat.
1175 1313 1220 1363 Ad
1238 1324 1303 1361 con·

249 1382 339 1433 silium
362 1392 429 1430 vero
447 1394 500 1431 uon
522 1381 687 1432 edbibendos
705 1383 733 1430 et
758 1381 883 1444 quemvis
902 1382 1072 1433 consultandi
1095 1393 1183 1433 cause
1205 1381 1301 1431 venis-

250 1455 330 1515 sent,
359 1459 448 1501 tamen
467 1462 520 1501 non
540 1451 720 1501 consulendos
745 1458 821 1500 recte
840 1451 970 1501 censebat
995 1462 1061 1514 eos,
1084 1451 1130 1513 qui
1148 1463 1182 1501 ne
1200 1449 1302 1499 civium

249 1522 359 1587 quidem
375 1521 436 1569 loco
453 1517 569 1569 habendi
584 1527 684 1570 essent.
717 1516 760 1567 Ad
773 1516 916 1570 dictionem
929 1519 971 1579 ot.
989 1520 1016 1584 1,
1030 1516 1066 1570 40
1082 1518 1110 1580 S.
1126 1521 1158 1568 1:
1176 1518 1302 1571 omnium

251 1589 389 1641 ordinum
412 1589 451 1638 ed
475 1586 506 1640 id
531 1586 680 1636 consilium
705 1586 840 1639 adhibitis
858 1587 1082 1640 centurionibus.
1111 1588 1146 1653 6,
1166 1589 1200 1641 13
1225 1589 1253 1651 S.
1272 1592 1300 1639 1:

249 1658 343 1723 plebes
363 1657 443 1708 nuile
461 1655 614 1707 adhibetur
637 1654 763 1706 accedia.
804 1658 846 1708 Ex
863 1656 1062 1707 recentioribus
1080 1669 1151 1707 nnus
1168 1655 1302 1712 Wbittlus

252 1726 423 1778 discessione
447 1727 483 1775 ab
507 1725 575 1776 ond.
600 1724 677 1774 tacta
703 1723 816 1787 scripsit
839 1725 990 1777 consuiant
1017 1725 1190 1790 conferrique
1213 1725 1302 1791 iussit,

250 1809 320 1861 quae
337 1802 503 1859 sequuntur,
529 1805 594 1843 cum
611 1792 647 1843 iis
663 1792 735 1844 mibi
752 1806 802 1845 res
822 1795 881 1861 sit,
900 1807 1023 1860 quorum
1040 1794 1219 1850 inscissilis.
1245 1795 1301 1861 qui-

249 1867 302 1919 bus
320 1867 423 1915 mnium
442 1863 610 1913 tribuendum
630 1873 682 1912 non
703 1861 821 1912 videtur.

285 1933 312 1995 S·
332 1930 350 1987 4
373 1929 426 1998 bls]
449 1931 532 1984 Voss.
552 1934 586 1983 A.
612 1930 670 1982 Pet.
692 1931 767 1985 dett.
791 1932 858 1981 hor.
876 1930 944 1983 Lbb.
967 1932 995 1982 et
1015 1929 1088 1985 inter
1106 1944 1208 1987 versus
1227 1934 1300 1997 upa.

250 2001 333 2055 Febr.
351 2003 424 2052 Rev.
437 2005 470 2054 A.
487 2006 515 2052 ct
533 2000 581 2051 int.
599 2012 675 2049 vers.
690 2000 766 2051 Gott.
783 2001 850 2052 Wb.
870 2001 953 2064 cong.
970 2004 1004 2052 A.
1023 2003 1064 2052 Pl.
1084 2000 1151 2059 Per.
1166 2002 1200 2054 A.
1221 2002 1300 2055 Deli

246 2076 279 2123 et
298 2083 370 2128 corr.
390 2073 424 2120 A.
441 2071 522 2121 Vrat.
540 2068 573 2119 A.
591 2068 644 2118 uu.
665 2061 744 2119 Vind.
763 2065 877 2123 Aliclil.
897 2071 969 2122 ven.
989 2072 1060 2122 cdef.
1079 2073 1120 2124 st.
1144 2071 1203 2123 biis
1223 2072 1300 2123 Vrat.

250 2138 304 2191 uc.
322 2139 353 2191 t'n
370 2136 426 2189 biis
442 2139 540 2188 Hamb.
565 2135 602 2187 ils
618 2137 697 2187 Goth.
715 2139 745 2189 Β.
762 2142 790 2188 et
808 2139 868 2187 edd.
885 2139 948 2189 rell.

285 2208 312 2269 S.
330 2209 346 2262 5
364 2208 491 2268 mollitia]
512 2207 581 2259 And.
599 2206 649 2256 Ox.
668 2207 726 2256 Pet.
742 2219 799 2256 sec.
818 2208 885 2258 ond.
904 2205 1042 2267 (mollitie
1058 2208 1158 2272 Febr.)
1174 2196 1251 2259 Leld.
1269 2210 1298 2263 A.

251 2280 280 2328 ct
298 2276 441 2328 second.
460 2288 527 2328 arn.
545 2273 727 2326 emendati-icc
743 2275 825 2340 Boug.
843 2278 878 2325 A.
895 2279 958 2327 Par.
978 2276 1006 2325 Β.
1024 2277 1098 2327 liae.
1116 2280 1150 2329 A.
1169 2279 1253 2329 vind.
1268 2282 1296 2328 A.

249 2350 278 2396 et
298 2358 316 2397 e
335 2359 370 2397 nt.
393 2361 416 2396 s.
442 2345 522 2396 Vrat.
541 2345 571 2394 Β.
596 2344 665 2394 bled.
684 2355 711 2396 a.
733 2344 804 2395 ven.
824 2346 899 2395 bcde.
927 2349 992 2405 (bae
1015 2345 1136 2408 quinque
1162 2348 1297 2407 mollicie}

250 2418 322 2484 Vsu.
341 2416 363 2464 t.
387 2414 456 2466 0ud.
477 2417 504 2464 2.
528 2413 663 2463 mollities
687 2413 764 2465 carr.
784 2414 856 2463 Dok.
876 2416 959 2465 Dorv.
981 2415 1059 2466 Leid.
1078 2417 1106 2465 B.
1133 2416 1258 2481 „tonsam
1273 2425 1297 2466 et

249 2482 278 2533 in
293 2481 386 2533 Gaiae.
403 2495 437 2532 ao
454 2478 576 2544 Scalig.“
593 2481 667 2537 (Pet.
684 2484 712 2529 et
732 2481 853 2547 canpe.
871 2483 971 2542 cond.)
990 2485 1036 2535 Dr.
1046 2485 1075 2533 Β.
1091 2479 1168 2537 Vrat.
1178 2484 1208 2536 0.
1222 2486 1297 2538 Gotb.

249 2551 279 2604 Β.
300 2551 387 2600 vind.
401 2545 432 2601 C.
451 2549 511 2607 (bio
529 2548 667 2607 moiicies)
685 2550 760 2598 Ronr.
781 2543 981 2604 a.Ven.1471
1002 2565 1058 2625 sec.
1077 2553 1138 2605 Elb.
1156 2556 1218 2607 lter·
1240 2557 1294 2606 Alc.

250 2633 277 2672 e.
295 2621 342 2671 Gr.
362 2632 386 2671 e.
410 2622 477 2677 (bae
495 2621 552 2667 tres
570 2618 718 2675 mollicies)
742 2619 771 2669 et
789 2632 847 2683 sqq.
872 2630 958 2683 usque
979 2622 1015 2671 ad
1032 2622 1099 2672 0nd.
1116 2627 1144 2674 2.
1171 2624 1298 2675 molestia

250 2722 269 2754 ‚‚
277 2690 354 2739 MSS.
372 2696 433 2738 coto
452 2696 479 2736 ct
496 2687 579 2750 Boug.
599 2699 617 2737 a
635 2700 669 2736 nt.
691 2684 756 2747 pr.“
781 2689 872 2749 Stepb.
888 2692 951 2742 ilos.
970 2692 1055 2742 Voss.
1072 2695 1106 2741 A.
1131 2693 1209 2757 ligne.
1228 2693 1297 2744 Gott.
1331 2703 1333 2719 ¹

248 2761 317 2810 lov.
337 2758 405 2808 bbb.
423 2759 508 2821 Bong-
525 2759 557 2805 A.
583 2756 625 2806 Pl.
649 2757 710 2819 (qui
727 2757 760 2805 de
776 2769 858 2807 menn
876 2760 1060 2810 emendatrice
1077 2762 1165 2821 tecet)
1185 2762 1251 2813 Per.
1267 2767 1297 2812 A.

247 2828 308 2879 rar.
331 2828 419 2877 licen
444 2827 491 2877 Dr.
513 2828 546 2875 A.
571 2828 650 2875 Vrat·
669 2828 693 2873 A
716 2833 744 2873 co
769 2837 794 2876 a.
813 2840 847 2878 m.
869 2842 909 2889 pr·
929 2831 958 2876 Β.
979 2829 1075 2880 Hamb.
1094 2825 1146 2883 tiu.
1171 2831 1252 2882 vind.
1270 2832 1297 2880 Β.

246 2896 302 2950 inc.
321 2908 377 2947 sec.
396 2896 455 2945 Alb.
487 2893 531 2946 Cf.
549 2893 709 2944 Schneideri
728 2894 847 2948 Gramm.
867 2901 901 2963 3,
918 2895 979 2953 tea.

284 2967 425 3033 paulisper
441 2964 572 3027 inopiam]
598 2966 698 3031 „MSS
719 2960 869 3027 pleriqne“
888 2967 948 3017 Pet.
966 2968 1049 3018 Voss.
1067 2961 1101 3019 A.
1119 2967 1195 3031 Agin.
1216 2970 1296 3032 Bong.

248 3037 282 3089 A.
299 3036 415 3084 Perstat.
440 3033 499 3092 (bic
517 3033 676 3096 inoppicm)
695 3032 766 3084 oete.
785 3035 853 3086 Wb.
871 3035 958 3086 naen.
976 3036 1022 3086 Dr.
1042 3037 1097 3088 ΑΒ.
1124 3031 1202 3088 Vrct.
1221 3039 1296 3089 Abu.

248 3104 329 3155 tietb.
347 3104 377 3152 B.
401 3103 499 3152 flamb.
524 3103 575 3152 Gn.
595 3102 678 3152 vind.
695 3102 726 3151 Β.
753 3104 812 3152 edd.
838 3112 902 3154 ante
921 3105 982 3154 Ald.
1006 3105 1091 3164 (Ven.
1108 3117 1132 3155 e.
1152 3108 1249 3170 paulis
1266 3107 1297 3164 i.)

247 3174 286 3223 St.
308 3174 354 3223 Gr.
375 3172 400 3225 b.
419 3171 505 3228 Frell.
522 3171 541 3224 i.
561 3184 589 3234 p.
608 3174 694 3231 (flav.
709 3172 760 3234 A.)
777 3173 859 3225 Viud.
874 3176 908 3223 A.
927 3176 988 3225 Ald.
1007 3175 1051 3225 ab.
1071 3173 1118 3226 Gr.
1133 3185 1162 3226 c.
1178 3174 1210 3227 P.
1225 3181 1296 3230 Men.

244 3243 324 3292 Turn.
341 3239 417 3302 Lips.
436 3253 493 3302 sqq.

280 3306 461 3375 reperiuntur]
484 3309 676 3374 reperientur·
697 3309 797 3376 „bon
814 3310 851 3360 V.
874 3322 917 3373 pr.
935 3311 1012 3375 ligm.
1038 3313 1068 3361 et
1083 3313 1110 3365 7.
1129 3314 1296 3369 recentiores

245 3389 308 3431 erint
324 3380 391 3431 lidd.
409 3392 453 3441 pp.
461 3374 482 3408 “
499 3379 584 3430 voss.
603 3379 637 3434 A.
656 3381 730 3432 Gott.
749 3380 827 3442 Egn.
843 3375 908 3430 Per.
925 3383 958 3434 A.
978 3381 1024 3435 Dr.
1043 3383 1098 3434 Au.
1120 3381 1200 3437 Veat.
1218 3380 1295 3437 Ace.

261 3546 289 3607 S.
307 3549 325 3599 6
346 3543 445 3613 Atque]
470 3546 616 3611 hippertns
633 3549 662 3599 in
680 3551 732 3601 bec
774 3544 833 3597 mir
863 3546 1089 3601 accersiendas
1117 3565 1207 3621 sepe,
1242 3556 1295 3608 wic

208 3616 347 3678 perticus
360 3617 442 3669 simili
457 3619 550 3682 modo,
568 3631 620 3681 qno
636 3622 664 3669 in
678 3632 730 3672 ne-
772 3616 822 3666 ibt·
837 3618 894 3668 alle
905 3620 1078 3684 supersessa
1090 3625 1213 3691 werdae,
1231 3631 1292 3678 ente

210 3696 265 3748 que
291 3698 315 3736 c.
339 3684 374 3738 ts
399 3687 426 3747 s.
444 3684 479 3754 A,
515 3687 606 3738 inesse
634 3691 730 3740 temen
771 3687 1293 3747 bidentemdesideratetseuetiem:

209 3761 334 3806 stutucne
359 3757 504 3818 scriptoris
528 3770 622 3822 munt,
646 3768 676 3808 nt
701 3759 728 3808 in
772 3755 844 3808 decb
869 3757 964 3809 acob
990 3759 1043 3810 dae
1068 3759 1109 3812 ist
1133 3762 1291 3816 Sebwricbs

208 3823 270 3875 adn.
295 3836 333 3873 cr.
357 3828 393 3876 ad
416 3823 449 3892 4,
469 3825 503 3878 25
527 3825 554 3886 S.
574 3830 593 3875 3
616 3829 727 3877 demon·
770 3828 820 3877 dec
838 3824 965 3893 moes,
989 3828 1107 3882 bcwetsi
1126 3833 1212 3886 eim
1235 3848 1289 3888 aee·

207 3894 320 3942 stratum
339 3898 397 3961 est,
420 3898 610 3947 adversantem
636 3898 725 3961 babet,
767 3896 960 3964 mebaicftcn
985 3899 1067 3952 Sinn-
1111 3901 1288 3968 Critognatns

139 3983 144 3990 ·
206 3972 258 4010 uec
276 3974 343 4023 qnae
365 3966 545 4027 praecedunt,
565 3978 617 4028 quc
636 3970 725 4016 neate
767 3977 936 4030 nequaquam
959 3967 1034 4021 illius
1057 3971 1166 4023 consilii
1191 3977 1288 4026 ecato-

206 4028 279 4079 dicta
303 4031 374 4098 sint,
407 4035 581 4095 perspexisse
605 4034 723 4099 videtur,
766 4049 814 4086 res
845 4036 977 4098 pristinae
1012 4038 1122 4092 virtutis
1156 4052 1288 4095 membres

205 4099 268 4149 dnus
286 4101 410 4152 maium
429 4105 562 4155 cestram
584 4099 727 4157 consensa
767 4116 830 4155 esse
844 4107 992 4172 consentit,
1002 4111 1060 4159 sed
1074 4111 1109 4159 ab
1124 4113 1208 4165 enini
1219 4115 1287 4165 rnol-

204 4167 399 4233 interprctatur
428 4172 484 4224 wie
511 4172 561 4225 tir
587 4177 643 4227 cite
671 4175 730 4243 nu,
766 4176 828 4229 litia
843 4175 935 4240 potius
951 4179 1106 4242 prorsam
1124 4180 1195 4235 illac
1218 4181 1287 4236 iudi·
