2700 4726
389 318 494 388 LIB.
518 318 600 390 Vll.
643 321 764 395 GAP.
788 330 833 396 60
1087 334 1153 401 ⁵19

70 499 175 566 iubet.
221 499 379 589 Quinque
400 507 567 586 cohortes,
589 529 672 593 quas
696 509 830 576 minime
851 514 964 591 firmas
987 516 1029 580 ad
1053 517 1151 583 dimi·
1174 526 1195 584 2

70 588 214 653 eandum
241 592 579 673 esseexistimabat,
615 598 739 662 eastris
771 603 940 684 praesidio
970 605 1151 691 relinquit3

68 676 219 761 quinque
249 677 397 743 eiusdem
421 683 564 765 legionis
588 686 737 769 reliquas
761 687 802 751 de
824 690 931 754 media
958 703 1054 757 nocie
1075 715 1148 757 euin
1173 699 1193 761 8

68 764 225 828 omnibus
253 765 503 852 impedimentis
533 767 673 836 adverso
702 773 835 839 flumine
859 799 976 862 magno
1001 783 1150 845 tumultu
1257 813 1272 840 o

67 850 239 936 proficisci
260 853 417 939 imperat.
463 855 642 943 Conquirit
665 861 765 924 etiarn
786 863 927 930 lintres:
950 867 1011 930 has
1032 890 1151 952 magno
1173 866 1194 931 4

66 937 182 1004 sonitu
200 960 367 1006 remorum
390 940 549 1008 incitatas
566 945 599 1008 in
615 944 752 1013 eandem
768 957 896 1032 partem
913 953 1029 1020 mittit.
1071 952 1151 1040 lpse

67 1034 148 1109 post
169 1029 270 1113 paulo
292 1029 428 1094 silentio
450 1052 609 1116 egressus
633 1055 706 1098 oum
732 1036 841 1102 tribus
861 1040 1051 1122 legionibus
1075 1062 1151 1107 eum

66 1114 179 1179 loeurn
199 1117 297 1201 petit,
318 1139 385 1204 quo
406 1138 506 1184 naves
531 1121 659 1207 appelli
681 1122 843 1191 iusserat.
903 1133 958 1195 61.
1001 1125 1053 1192 Eo
1075 1150 1150 1193 rum

117 1307 217 1386 'ques]
251 1306 299 1388 qui
324 1307 406 1388 Vini.
434 1306 465 1388 c:
501 1292 590 1374 Vulgo
614 1292 732 1363 inditam
756 1327 775 1363 α
793 1316 1020 1375 praepositionem
1039 1316 1081 1378 (in
1101 1316 1154 1369 Gr.
1233 1337 1237 1351 ·

100 1387 162 1423 stne
185 1382 349 1426 auctoritate
374 1389 388 1426 e
412 1379 542 1439 senptum
567 1382 624 1438 est)
648 1386 795 1433 secundom
821 1385 905 1446 Bong.
922 1385 956 1435 A.
975 1389 1002 1436 s.
1020 1386 1098 1437 Laid.
1117 1390 1150 1438 Δ.

99 1440 214 1493 Hamil.
235 1443 317 1494 Vini.
333 1440 364 1495 Α.
376 1446 414 1495 st.
433 1446 536 1513 („iind.
554 1447 636 1510 qdd.“
654 1453 736 1512 One.)
754 1454 848 1506 eedem
864 1455 984 1522 ratione,
1004 1469 1057 1519 qne
1075 1469 1100 1506 c.
1117 1458 1152 1509 58
1219 1464 1223 1469 ’

66 1568 70 1574 Ι
99 1511 126 1572 S.
142 1515 177 1576 6,
194 1513 337 1577 delendam,
354 1518 458 1575 putavi.

132 1580 296 1647 Metiosedo]
314 1582 355 1632 Cf.
373 1586 434 1635 adn.
456 1597 496 1635 or.
514 1586 547 1634 ad
566 1598 590 1636 o.
609 1585 643 1637 58
662 1584 688 1653 §.
708 1591 752 1637 2.-

37 1688 40 1695 .
133 1649 271 1713 singulas]
293 1651 422 1718 sinputoe
437 1653 557 1717 stupetis
577 1655 673 1705 Hanno.

132 1720 303 1784 exspectari]
321 1701 496 1785 emperiam
516 1724 596 1772 vinu.
619 1723 652 1773 Α.
671 1726 749 1775 Turn.
768 1726 799 1775 Cl
826 1727 1002 1794 (exportari
1019 1730 1103 1780 Voss.
1121 1729 1150 1777 li.

96 1800 164 1850 erp.
184 1790 267 1852 Bong.
285 1795 318 1839 n.
337 1791 379 1840 Pi.
401 1793 463 1841 Par.
482 1792 516 1842 Α.
536 1800 563 1839 et
581 1805 650 1841 corr.
673 1788 749 1842 Vrat.
770 1796 816 1853 B.)

132 1857 160 1917 S.
178 1863 195 1908 3
214 1856 342 1924 imperet]
359 1859 437 1911 iubet
454 1861 500 1909 Dr.
524 1861 552 1906 B.
571 1862 650 1909 Goth.
669 1863 703 1908 A.
723 1862 804 1911 Vind-
822 1865 854 1914 p,
1148 1900 1150 1905 s

132 1924 159 1984 s.
178 1925 196 1976 4
216 1935 278 1989 post
296 1929 391 1988 paulo]
408 1927 723 1992 protoparentum
743 1931 820 1980 hein.
833 1935 867 1983 A.
889 1932 968 1982 Goth.
984 1936 1016 1982 Α.
1034 1939 1062 1981 et
1076 1945 1149 1984 corr.

96 1993 178 2057 (pist
194 1994 296 2058 priato)
316 1997 388 2047 Hav.
407 2000 440 2048 A.
459 2000 525 2059 post
540 2000 658 2060 pastum
676 1999 744 2048 [ιον.
764 2008 818 2064 „et
835 2004 851 2050 3
871 2002 920 2050 eiii
939 2014 1000 2049 oum
1021 2003 1087 2050 End.
1106 2016 1150 2063 pp.

96 2063 201 2114 male.“
226 2066 286 2114 Pal.
310 2068 358 2118 Dr.
376 2069 410 2114 A.
430 2067 509 2117 Vrat.
529 2067 580 2122 Bc.
599 2067 677 2116 Goth.
698 2068 725 2117 B.
747 2069 842 2117 llamb.
864 2069 916 2118 Gn.
934 2069 1015 2119 vind.
1039 2070 1072 2118 D.
1090 2071 1151 2118 edd.

95 2136 161 2182 ante
173 2136 235 2184 nin.
253 2134 348 2197 priene
360 2136 478 2199 paulam
493 2135 566 2186 Gott.
584 2135 711 2198 {trinium
723 2139 841 2200 grauium
858 2139 932 2186 beiti.
948 2133 979 2186 C.
1005 2139 1062 2186 lloo
1075 2151 1150 2200 part-

95 2206 156 2253 iatri
173 2217 259 2266 neque
276 2207 344 2254 adeo
362 2205 496 2256 contemni
514 2205 548 2256 ab
562 2205 629 2255 (iud.
648 2218 736 2266 neque
755 2219 821 2259 vero
837 2208 972 2268 praeferri
992 2210 1020 2255 et
1034 2208 1060 2256 in
1075 2207 1150 2256 ordi·

56 2375 105 2427 toi
128 2374 225 2439 rapite
247 2377 361 2443 singulo
381 2378 511 2441 praedae
527 2390 581 2428 no·
623 2378 806 2442 gerendarum
836 2378 931 2439 partes
963 2376 1151 2445 obvenissent,

56 2446 136 2496 mine
158 2444 315 2498 distribuit.
343 2448 371 2495 et
390 2459 456 2508 quos
474 2448 581 2498 tirone·
624 2450 655 2496 ut
671 2443 802 2510 Arpineio
821 2447 854 2512 5,
885 2448 937 2515 27,
966 2448 1102 2500 ‘trebonio
1122 2451 1149 2514 6,

59 2513 124 2564 vius
142 2515 176 2563 ad
193 2514 256 2564 Liv.
277 2519 327 2578 ³9,
347 2518 380 2565 19
397 2514 424 2575 S.
442 2514 460 2567 4
477 2517 581 2568 citavit.
625 2517 660 2567 40
676 2515 702 2576 S.
720 2515 747 2566 4.

56 2585 120 2633 Eoo
146 2596 212 2634 vero
229 2586 290 2636 loco
307 2584 373 2635 nihil
395 2585 501 2650 obstat,
530 2596 582 2649 qno
676 2582 702 2643 S.
727 2591 743 2636 2
772 2581 916 2648 relinquit]
951 2582 994 2636 (ti.
1017 2584 1082 2634 edu.
1109 2596 1151 2634 er.

55 2653 148 2703 minus
171 2665 259 2704 naves
283 2653 419 2705 Labienus
446 2667 498 2704 non
514 2668 583 2704 eun·
625 2654 661 2703 ed
679 2655 706 2718 5,
724 2658 740 2703 2
760 2655 785 2713 S.
805 2652 831 2716 4,
852 2666 887 2702 ex
906 2666 960 2714 qua
978 2657 1028 2703 boe
1044 2666 1151 2718 quoqne

57 2731 120 2773 ctas
151 2724 198 2772 uni
227 2725 360 2786 tamqnam
395 2723 495 2772 elassis
522 2722 584 2772 duci
627 2724 656 2773 in
685 2724 803 2773 oonsilio
828 2721 889 2770 fieri
911 2723 1035 2783 potuisse
1059 2725 1152 2773 aba·

58 2801 108 2844 ant
134 2790 254 2851 pleribus
285 2792 344 2853 pari
369 2791 397 2841 in
420 2804 511 2842 omnes
530 2793 583 2841 im·
627 2793 707 2843 bieno
724 2790 842 2855 intelligi
859 2792 962 2853 potest.

56 2861 136 2925 perio
147 2861 304 2930 tradidisse,
317 2862 365 2909 sen
376 2860 500 2923 singulas
508 2860 584 2923 eqni·
678 2863 705 2925 ς.
724 2865 740 2911 3
767 2860 1077 2924 reliquas-proficisci
1100 2860 1151 2910 ini·

57 2931 133 2982 tibus
157 2932 287 2982 Romanis
319 2931 364 2979 vel
397 2929 514 2992 singulis
540 2931 584 2978 vei
627 2933 719 2991 perat]
739 2930 907 2979 lnflnitivnm
927 2931 1023 2979 activa
1042 2930 1151 2993 signifi-

56 3002 183 3066 pluribus
208 2998 366 3050 attribuisse
388 3001 504 3060 putetur.
540 2997 583 3048 Cf.
625 3001 736 3049 catione
753 3001 907 3061 praeditum
925 3012 981 3049 nou
998 2999 1082 3048 aliter
1095 2999 1152 3048 nisi
1203 3036 1206 3045 ,

56 3076 93 3137 3,
119 3067 151 3118 14
169 3070 196 3138 §·
215 3075 245 3121 3:
276 3079 368 3133 neque
383 3067 457 3118 sotis
477 3069 584 3132 Bruto,
626 3071 651 3118 si
665 3068 928 3130 passivamtormem
941 3071 1064 3130 baberet,
1078 3067 1150 3116 Cae-

57 3139 110 3206 qui
128 3136 215 3188 stessi
232 3139 383 3201 praeerat,
401 3139 447 3188 oei
460 3137 584 3186 tribunis
627 3138 687 3188 sari
705 3138 734 3186 in
753 3137 915 3187 accusativo
934 3151 995 3186 cnm
1012 3136 1151 3188 infinitivo

54 3208 182 3260 miiitum
200 3207 486 3271 centurionibusque,
519 3206 583 3270 pat·
624 3210 660 3258 ed
678 3207 803 3269 imperat
818 3209 931 3254 verorum
946 3209 1035 3257 relato
1049 3219 1152 3269 ponere

56 3281 109 3330 bus
126 3278 255 3343 singulos
278 3289 368 3327 naves
387 3279 474 3326 erant
492 3275 583 3325 attri·
624 3277 740 3328 licuisse
773 3277 873 3325 statuit
895 3275 1053 3339 Madvigius
1083 3287 1150 3335 pro·

55 3349 158 3411 butue,
183 3347 349 3410 constabat,
368 3346 434 3408 ostiti
453 3347 583 3410 agerent,
625 3348 752 3397 bentibus
776 3346 803 3394 in
824 3346 886 3394 adn.
909 3345 944 3393 ad
968 3344 1001 3406 8,
1027 3347 1064 3396 27
1088 3345 1113 3405 S.
1132 3341 1151 3395 4

54 3419 112 3469 aut
136 3430 222 3481 qoam
243 3417 386 3467 rationem
407 3427 519 3480 popone
536 3415 583 3463 in·
624 3415 791 3478 Nipperdeio
806 3418 834 3464 et
850 3417 921 3464 nono
933 3415 1066 3463 odiorum
1074 3414 1150 3463 Kra-

53 3487 207 3539 sisterent.
227 3498 278 3548 quo
295 3487 357 3536 loon
378 3497 429 3532 non
448 3485 534 3546 magis
553 3484 582 3531 in
623 3499 700 3536 nero.
752 3486 807 3534 Sed
837 3485 944 3533 formae
977 3487 1005 3530 et
1036 3482 1150 3533 auribus

54 3555 174 3622 quibem,
208 3567 287 3618 quam
314 3555 364 3601 hoo
387 3553 414 3601 in
431 3552 583 3617 equitibus,
625 3557 807 3616 scriptorem,
834 3552 880 3614 qui
898 3553 1029 3616 saperet,
1046 3551 1151 3613 aliquid

54 3626 278 3678 audiriueoesse
290 3625 335 3672 est
347 3623 475 3685 sinpuiis.
494 3623 582 3670 Prae·
626 3625 773 3687 tribuisse,
792 3623 863 3685 qnod
881 3619 1075 3684 significationi
1093 3634 1149 3671 non

56 3700 138 3746 teres
156 3692 319 3746 obstinati
336 3705 359 3740 c.
377 3692 409 3739 61
427 3690 491 3748 §.2
528 3691 583 3741 Ge·
626 3693 775 3752 convenire
811 3691 1001 3755 intelligeret,
1040 3690 1149 3740 minime

53 3769 147 3816 terum
171 3766 203 3815 ut
227 3777 245 3814 a
264 3764 349 3811 Bruto
369 3762 494 3810 tribunos
514 3774 581 3810 oen·
625 3766 757 3814 credibile
771 3765 822 3811 est.
851 3761 909 3810 Nee
925 3759 1024 3809 desunt
1037 3759 1149 3811 activae

54 3835 252 3897 t011⁰¹1⁰⁵l1¹02
269 3833 311 3882 ita
328 3843 345 3879 ἃ
360 3830 483 3880 Labieni>
502 3829 581 3892 enui-
624 3836 729 3885 formae
743 3834 770 3882 in
782 3831 825 3882 isis
835 3828 1040 3881 commentariis
1053 3841 1149 3879 exem-

54 3908 100 3955 tes
117 3907 258 3955 Romanos
282 3901 401 3951 navibus
424 3898 581 3959 praefectos
624 3905 686 3969 pia,
713 3915 782 3965 quae
803 3901 862 3962 ipse
879 3898 960 3961 Nipp.
980 3899 1079 3961 affert,
1098 3901 1148 3949 sen

53 3975 140 4026 etlam
152 3974 187 4023 ad
200 3971 345 4024 eonsilium
358 3968 494 4019 adhibitos
503 3982 579 4017 eum·
623 3976 669 4023 vel
694 3971 863 4021 emendanda
890 3969 937 4018 vel
960 3967 1147 4033 negligentiae

52 4057 107 4107 que
133 4047 265 4095 honorem
285 4040 376 4091 ordini
393 4037 488 4088 treberi
509 4039 578 4088 soli·
621 4042 802 4093 condonanda
815 4040 902 4102 putat.

48 4117 109 4165 tum
141 4127 203 4163 esse
238 4110 392 4162 verisimile
423 4106 516 4157 estin
542 4107 578 4156 iis
671 4107 736 4174 §.t
764 4103 1011 4174 Conquirituetiam
1029 4105 1142 4155 lintres:

48 4182 206 4248 equitibus,
241 4183 336 4247 quibus
364 4183 458 4231 certae
484 4192 577 4232 rernm
619 4179 814 4240 has-mittit]
846 4178 997 4240 utrunque
1016 4175 1071 4226 iem
1087 4185 1143 4224 nou
