2700 4726
387 158 397 205 l

363 364 366 370 .
398 305 501 376 niu.
526 303 613 376 vll.
656 303 779 374 CAP.
801 310 847 376 67
1067 380 1071 387 ,
1105 308 1174 377 ata

87 514 225 583 agmcn3
248 491 488 580 impedimento
512 495 602 562 inter
622 496 774 581 legiones
790 493 1012 584 recipiuntur.
1056 492 1171 581 Siqua
1193 498 1220 559 t

85 584 122 649 in
146 587 245 668 parte
269 582 378 646 nostri
406 583 562 648 laborare
585 590 644 648 aut
673 582 809 668 gravius
830 583 938 669 premi
962 580 1172 663 videbantur,

86 692 127 736 cc
144 675 240 756 sigua
257 667 376 735 inferri
393 667 521 739 caesar
540 672 712 757 aciemque
727 669 888 736 constitui
906 668 1063 750 iubebat3
1085 690 1172 757 quae

156 857 221 924 §.A
245 859 387 922 constitui]
417 862 527 926 ‚,llong.
549 864 581 913 A.
611 862 667 912 Pet.
697 862 781 915 Voss.
801 859 879 910 ABG.
900 857 978 912 Gari.
1004 862 1080 924 Egm.
1102 861 1172 914 bor.

122 933 240 995 quinque
264 926 339 979 alii“
371 931 431 982 cod.
458 931 538 982 Turr.
564 930 622 981 Pet.
649 931 724 981 Gott.
747 930 832 980 Voss.
850 929 882 980 A.
908 931 984 992 llgm
1010 931 1079 988 nov,
1105 931 1173 981 Lbb.

123 1001 209 1051 conti.
230 999 292 1048 Par.
313 1004 348 1050 A.
370 1000 417 1049 Dr.
435 1000 490 1048 Au.
516 1001 594 1051 Vrat.
617 998 694 1049 ABG.
711 1000 791 1049 Goth.
809 1000 866 1049 AB.
890 999 996 1052 Hamb..
1013 999 1064 1049 Gn.
1092 998 1173 1052 vino.

123 1064 264 1119 llclllilil.
288 1070 348 1119 edd.
377 1076 440 1118 ante
466 1071 528 1120 Alth.
562 1068 697 1135 conferri
720 1068 797 1121 held.
817 1070 852 1118 A.
881 1067 1016 1119 converti
1042 1068 1113 1117 llav.
1138 1072 1171 1117 A.

122 1139 205 1190 vind.
220 1140 252 1188 A.
271 1138 370 1200 (Βοῦς.
391 1135 424 1187 Α.
440 1135 499 1200 Pl.)
517 1139 580 1190 Ald.
599 1151 657 1203 sqq.
677 1149 837 1201 quamquam
856 1137 1043 1198 Oudendorpio
1059 1139 1088 1186 et
1103 1147 1173 1187 coo·

124 1206 207 1258 verti
224 1214 251 1255 et
269 1206 405 1273 conferri
425 1209 452 1256 h.
470 1208 489 1256 1.
508 1205 679 1269 „Glossae“
698 1219 761 1255 esse
779 1206 941 1257 videbantur
959 1205 1035 1268 citis,
1059 1206 1128 1269 quoti
1145 1205 1174 1256 in

125 1278 212 1340 Bong.
231 1279 265 1326 A.
290 1277 458 1340 reliquisque
478 1274 636 1340 invenerat,
662 1275 830 1338 quodetiam
850 1276 1031 1336 exemplorum
1050 1273 1174 1325 multitu-

125 1346 187 1395 dine
204 1345 233 1394 in
253 1347 314 1395 adn.
332 1347 367 1396 nu
386 1348 417 1406 2,
436 1346 470 1395 to
488 1347 662 1397 collectorum
680 1345 792 1407 putabat
810 1344 1001 1394 commendari.
1027 1343 1173 1406 Liquetius

125 1426 195 1464 vero
222 1414 306 1478 siqua
323 1413 436 1479 inferri
460 1415 602 1466 dictionem
628 1418 676 1464 hoc
694 1414 727 1463 ‹le
750 1413 812 1464 acie
829 1413 900 1463 dicto
918 1412 1051 1474 explicari
1075 1420 1173 1475 putans

124 1483 265 1534 constitui
278 1486 399 1535 damnat:
417 1483 564 1547 aciemque
576 1484 712 1535 conuerti
725 1484 831 1533 erulart
845 1481 929 1548 cique
941 1479 1062 1546 inerti,
1079 1484 1174 1532 darum

123 1554 169 1602 ilie
186 1555 288 1602 andere
302 1555 402 1603 Lesurt
419 1554 559 1604 constitui
576 1555 622 1604 hir
641 1552 776 1602 concerti
793 1552 835 1601 als
848 1553 1013 1602 oustatthait
1030 1551 1175 1601 ersoheint.

123 1621 249 1686 idemque
266 1623 338 1673 iacit
356 1622 470 1673 Heluius
489 1624 635 1674 verborum
655 1622 853 1686 significatione
876 1629 904 1670 et
923 1620 964 1671 rei
980 1624 1079 1672 natura
1097 1622 1126 1670 et
1143 1632 1176 1671 eo

90 1794 237 1844 tomanuus
248 1791 421 1844 Plutarchum
434 1792 463 1843 in
477 1792 615 1847 vitacae-
658 1806 693 1845 ne
709 1791 801 1844 vocati
819 1798 883 1841 sunt
902 1804 927 1847 c.
945 1790 981 1841 66
1006 1789 1032 1850 S.
1050 1780 1085 1855 ’4,
1110 1791 1176 1855 tunc

91 1861 165 1911 saris
185 1859 308 1911 scribere
324 1864 365 1912 ait
390 1862 563 1927 „Caesarem
586 1864 615 1914 in
658 1876 744 1925 vero,
780 1874 840 1913 cnm
874 1873 970 1923 agmen
999 1857 1176 1921 constitisset,

90 1933 143 1980 hoc
180 1930 282 1992 proelio
315 1933 434 1994 gladium
470 1933 614 1996 amisisse,
658 1930 777 1981 sarcinis
809 1930 837 1979 ln
863 1928 983 1979 iumenta
1011 1936 1039 1977 et
1070 1939 1177 1992 carros,

91 2012 171 2063 quem
186 1998 305 2048 Arverni
319 1999 348 2050 in
366 2003 434 2050 iano
451 2001 614 2052 ostentatio·
659 2000 755 2062 quibus
773 1999 881 2060 reliqua
900 1999 1083 2062 vehebantur,
1109 2007 1177 2047 cou-

91 2069 136 2117 uis
171 2079 258 2117 causa
291 2072 495 2130 suspenderunt.
545 2067 615 2121 Eum
657 2069 738 2119 iactis
763 2068 798 2116 ad
816 2066 946 2116 auxilinm
969 2065 1105 2128 equitibus
1130 2066 1178 2117 ie·

90 2139 191 2198 postea
207 2149 225 2186 a
239 2135 358 2187 caesare
373 2142 546 2199 conspectum
563 2153 614 2189 ne·
658 2139 768 2187 rendum
795 2134 925 2198 emtiedtti
945 2135 1102 2205 suntiacti.
1133 2132 1176 2184 ct.

93 2220 147 2269 que
174 2219 285 2266 passuum
310 2219 372 2255 esse
396 2206 472 2270 tolli,
501 2220 562 2257 cnm
586 2207 615 2257 iu
658 2210 692 2270 1,
710 2202 746 2254 24
763 2204 790 2265 S.
809 2206 840 2268 2,
859 2204 904 2253 ubi
923 2202 1028 2252 caesar
1044 2199 1179 2252 sarcinae

92 2272 176 2326 amici
193 2271 378 2324 suaderent.“
401 2283 464 2328 suut
481 2275 535 2326 ista
554 2277 615 2340 qui·
657 2275 687 2325 in
703 2287 792 2324 unam
814 2275 908 2322 iocum
924 2270 1074 2337 conferri,
1100 2273 1127 2321 et
1149 2271 1185 2336 7‚=
1211 2316 1218 2332 ,

92 2346 152 2393 dein
167 2343 341 2393 aPlntarcho
359 2359 385 2406 ρ.
397 2346 502 2396 7266.
521 2350 559 2403 (c.
571 2349 614 2396 26.
659 2327 700 2394 18’
717 2342 745 2402 S.
763 2340 796 2405 t,
823 2341 871 2391 ubi
888 2341 1030 2392 celeriter
1043 2338 1178 2392 σσνοίνοσσ

91 2414 159 2464 vol.
177 2414 193 2460 3
212 2427 237 2474 p.
256 2413 309 2462 252
328 2413 414 2474 Sint.)
437 2424 471 2462 eo
491 2417 551 2464 loco
568 2429 615 2466 re·
658 2410 812 2479 conferri,
834 2421 919 2462 arma
936 2408 1074 2473 ecpectri
1091 2407 1177 2462 lubet.

91 2484 169 2544 lata,
190 2489 235 2545 ut,
256 2483 280 2530 si
298 2481 416 2543 gladium
435 2481 527 2533 amisit
544 2484 615 2534 cae·
660 2483 700 2532 lle
727 2479 814 2532 carris
840 2482 868 2528 et
890 2479 1017 2529 iumentis
1041 2477 1109 2541 ipsis
1131 2489 1179 2529 co·

93 2562 159 2615 sar,
185 2551 235 2599 hoo
259 2551 319 2611 ipso
343 2550 386 2600 die
412 2552 537 2602 amisisse
557 2555 617 2602 sta·
660 2551 743 2614 gitari
759 2551 904 2612 propterea
921 2560 973 2597 non
992 2555 1092 2615 potest,
1108 2548 1179 2610 quoti

93 2619 209 2670 tuendus
222 2617 272 2668 sit:
297 2613 421 2670 ἐνταῦθα
435 2614 460 2669 δ’
473 2615 548 2685 αὐτῷ
560 2617 616 2672 σῶν
658 2622 727 2669 baec
746 2619 894 2667 secundnm
911 2620 942 2683 2,
962 2614 1031 2677 173
1059 2620 1075 2667 2
1096 2621 1124 2667 ct
1145 2618 1178 2667 19

93 2683 234 2768 ποβεμίων
256 2682 514 2771 {athamanicum}
535 2706 616 2771 πσρι-
660 2686 686 2747 S.
701 2691 717 2737 2
735 2687 763 2736 in
781 2686 886 2749 agmine
904 2687 992 2736 locum
1006 2655 1078 2736 inies·
1091 2684 1179 2749 legio-

94 2751 617 2889 tttlttltttlttittutut
660 2769 710 2874 {¹0⁰3
723 2756 1180 2887 {tlllt‘ttlittllitltllt

93 2886 538 2958 νοταπσλσμῶνένρσὶτησε,χρόνῳ
548 2889 617 2942 πολ·
660 2892 700 2944 ltu
720 2900 751 2941 ut
768 2892 861 2956 recipi
886 2892 956 2943 inter
975 2892 1095 2955 legiones
1113 2905 1181 2955 opus

69 2981 73 2984 ⁴
95 2958 135 3024 λῷ
152 2963 198 3011 καὶ
213 2955 290 3026 φόβῳ
304 2957 542 3025 καταβιασάμενος
556 2957 618 3014 σούς
660 2974 714 3012 uon
732 2969 814 3010 esset.
848 2963 940 3023 Neque
957 2971 1025 3010 varo
1042 2961 1182 3022 probabile

95 3022 265 3098 βαρβάρους·
296 3024 371 3085 ἔδοξε
394 3022 422 3078 δὲ
448 3023 510 3080 κατ’
537 3023 619 3093 ἄρχιίο
662 3032 705 3079 est
730 3028 876 3080 Caesarem
903 3031 944 3079 his
968 3030 1064 3092 paucis
1088 3029 1182 3079 verbis

96 3117 127 3150 τι
144 3097 191 3148 καὶ
210 3091 362 3163 σφαλῆναι,
387 3091 619 3148 subinnuationem
661 3109 761 3148 novam
778 3100 910 3160 quandam
933 3098 1182 3160 impedimentorum
1218 3130 1220 3135 -

95 3162 256 3233 ’Λροσέρνοι
270 3159 389 3231 ξιφίδιον
402 3161 469 3232 πρὸς
483 3159 546 3231 ἱερῷ
554 3181 619 3231 αρε-
662 3167 880 3218 collocandorum
901 3169 1050 3231 rationem,
1076 3168 1183 3228 qualem

96 3232 237 3314 μάμεναν,
263 3229 506 3299 aediliciasque
529 3229 619 3301 iniquo-
662 3234 861 3287 (iuiscbartltus
879 3234 1026 3285 Memoires
1050 3234 1184 3299 crithnee

118 3320 158 3353 ον.
187 3298 200 3353 ὃ
225 3296 397 3368 θεασάμενοι
412 3296 494 3357 αὐτός
509 3295 620 3367 ὕστερον
662 3313 690 3354 et
709 3305 872 3365 historiques
886 3305 915 3355 Τ.
930 3305 955 3353 1.
972 3316 998 3364 q.
1013 3305 1066 3353 230
1082 3312 1110 3353 et
1124 3304 1184 3354 Nn-

97 3365 235 3490 Ξμξίὸβσειῖξ
250 3367 402 3489 amystis„
418 3369 504 3459 φβλων
530 3372 620 3489 καθῇ
664 3371 896 3493 εῑῐιέἒθθῖῦῐηίῖάἶξ
928 3372 1183 3491 ὣϊΰίθςὸαεῐβίῑζῐὲῆῐηῑξ
1240 3442 1248 3465 1

98 3457 264 3573 hianti
305 3457 384 3556 ...1⁰³²
392 3457 619 3572 ...iiii-tilis,
664 3454 1098 3577 ihn...⁰a¹..⁰i}³.¹.i'.¹¹1¹httn'i.li
1113 3454 1183 3560 ht..

99 3580 171 3641 quod
189 3579 272 3625 totum
291 3584 417 3637 equestre
431 3577 492 3641 luit,
508 3574 621 3628 Plutar·
665 3578 800 3642 opinantis
816 3582 972 3631 coniectura
990 3587 1051 3644 est,
1070 3591 1121 3630 non
1137 3579 1184 3630 in·
1233 3625 1237 3631 .

100 3648 168 3695 chus
183 3644 337 3710 nonmagis
350 3645 436 3709 novit,
450 3658 529 3707 quam
543 3647 620 3711 illud,
664 3651 735 3716 ter,
771 3652 819 3700 sed
848 3650 931 3700 intra
959 3648 1083 3714 ieqioues
1111 3649 1185 3700 sorl-

101 3716 173 3778 quod
191 3727 216 3763 c.
235 3713 271 3764 68
289 3713 315 3774 S.
334 3717 350 3763 2
368 3714 555 3779 significatur,
574 3717 620 3765 at·
665 3719 763 3781 pslsse.

99 3797 153 3847 que
171 3783 350 3847 omniuobic,
369 3784 492 3848 malici,
510 3785 621 3835 diverso
680 3787 687 3801 '
1218 3828 1221 3833 ⁴

100 3864 120 3903 a
138 3852 257 3903 Caesare
275 3857 386 3902 auctore
403 3861 446 3900 est
463 3865 540 3900 usus.
719 3852 781 3915 §.t
807 3852 981 3915 videbantur]
1008 3855 1038 3905 ld
1056 3855 1116 3906 sine
1135 3867 1185 3906 ra-

121 3936 124 3940 ·
152 3921 342 3981 impedimenta
356 3922 426 3971 inter
438 3921 558 3982 legiones
574 3935 622 3972 re·
666 3923 740 3976 tione
760 3924 913 3986 Herzogins
937 3924 1185 3987 conspiciebantur

101 3990 250 4052 cipiantur]
270 3991 347 4039 liaeo
359 4003 419 4040 cum
434 3991 623 4044 Baumstarltio
668 3996 723 4054 vel,
742 3995 812 4055 quod
826 3992 982 4043 accuratius
1000 3994 1046 4060 sit,
1065 4007 1104 4046 em
1120 3995 1186 4044 uisu

100 4059 278 4120 intelligenda
296 4063 358 4109 sunt
376 4072 426 4123 ea,
450 4070 519 4122 quae
536 4061 622 4111 adhuc
666 4062 739 4113 sotis
758 4064 839 4113 certe
856 4063 1059 4130 colliqetatnr,
1077 4065 1185 4114 iutelli-

99 4130 129 4178 in
160 4128 268 4192 agmine
300 4136 478 4189 portaverant
512 4128 623 4195 milites,
665 4131 787 4198 qebular
801 4144 849 4182 eos
865 4131 1001 4185 laborare
1020 4132 1186 4192 interpreta-

99 4196 334 4267 qniobioiqsum
349 4196 623 4262 impeditiinagmi·
666 4208 720 4250 tur.
754 4199 796 4251 ci.
813 4203 873 4255 aiu,
892 4213 933 4253 or.
949 4203 984 4255 ad
1000 4198 1034 4266 t,
1051 4201 1069 4252 8
1086 4201 1113 4262 s.
1135 4204 1159 4251 l.
1212 4229 1214 4233 ·
