2700 4726
345 320 842 399 erumnosae
921 298 923 303 ’
1100 329 1168 400 sss

69 514 270 601 gravarent.
313 509 366 577 lix
385 510 439 579 his
462 509 674 602 Eporedorix
698 513 834 601 cognito
855 513 999 584 Litavici
1019 515 1160 584 consilio
1183 526 1204 590 8

69 601 181 668 media
203 600 274 664 fere
298 607 395 665 nocte
415 621 484 666 rem
508 599 552 667 ad
576 601 756 671 Caesarem
780 601 907 686 defert3
926 612 1013 688 orat,
1034 627 1075 671 ne
1096 628 1161 692 pa-

66 690 180 757 tiatur
202 687 373 753 civitatem
400 686 516 777 pravis
547 688 811 756 adulescentium
836 691 987 758 consiliis
1012 693 1053 757 ab
1077 692 1161 758 atui-

67 778 150 846 ciiia
176 776 295 862 populi
318 776 462 842 Romani
487 773 649 860 delicere,
682 778 773 866 quod
796 779 947 844 futurum
970 779 1160 869 provideat,
1199 822 1204 826 -

67 867 99 932 si
122 887 160 931 se
181 870 235 929 tot
253 863 424 928 hominnm
445 863 537 930 milia
552 886 626 931 curn
642 865 799 932 hostibus
812 866 1054 951 coniunxerint,
1076 868 1160 954 quo'·

65 974 146 1020 rum
180 951 326 1017 salutern
356 973 465 1039 neque
498 954 679 1040 propinqui
703 955 880 1040 neglegere
905 975 1013 1040 neque
1036 955 1158 1022 civitas

64 1041 134 1107 levi
169 1046 336 1105 momento
366 1039 546 1105 aestimare
577 1047 707 1126 posset.
772 1043 829 1110 40.
873 1039 997 1128 Magna
1018 1041 1160 1109 affectus

64 1126 301 1195 sollieitudine
323 1127 384 1192 hoc
408 1125 525 1195 nuntio
549 1125 694 1209 Caesar,
728 1126 818 1215 qnod
842 1150 978 1216 semper
999 1127 1161 1196 Haeduo·
1227 1138 1230 1146 '

64 1238 143 1283 rum
164 1215 297 1282 civitati
313 1215 494 1304 praecipue
510 1213 713 1299 indulserat,
733 1219 828 1284 nulla
842 1217 1045 1306 interposita
1061 1216 1160 1284 dubi·

102 1373 221 1439 „Vose
242 1373 276 1421 A·
295 1374 312 1421 3
329 1369 394 1423 al.“
414 1374 478 1424 Par.
496 1375 531 1424 A.
548 1373 631 1430 Vind.
647 1373 679 1428 c.
702 1372 925 1425 Convictolttoni
941 1376 1014 1428 Rev.
1034 1378 1067 1427 A.
1085 1367 1158 1429 Ode-

88 1441 267 1503 ,oictolitaic
285 1443 313 1492 s.
333 1442 411 1492 Leid.
428 1444 461 1493 A.
479 1445 536 1507 „ct
553 1442 664 1494 inira.“
681 1441 930 1495 convenctoucane
949 1445 997 1494 Dr.
1016 1448 1050 1505 A.
1073 1446 1159 1503 Vlud.

101 1514 134 1563 B.
146 1512 229 1562 Vret.
243 1512 274 1559 B.
293 1511 542 1563 conconctodtane
556 1514 640 1564 vind.
654 1514 678 1563 1.
692 1511 903 1564 Ooucitolitoae
917 1514 1003 1579 Bong.
1018 1513 1047 1565 G.
1064 1517 1160 1570 [lamb.
1266 1570 1270 1582 ,

99 1581 332 1633 concietolitone
356 1579 473 1646 (reliqui
497 1581 578 1645 0ud.)
596 1583 645 1635 Dr.
664 1584 695 1632 B.
713 1582 796 1632 vrat.
814 1577 870 1636 sc.
889 1581 971 1634 Goth.
992 1584 1023 1631 u.
1041 1586 1160 1641 Meda.

40 1707 42 1713 ,
99 1652 174 1701 Van.
203 1651 280 1702 bede.
308 1652 372 1702 Ber.
397 1651 549 1714 Ald..sqq.
590 1651 632 1701 De
655 1662 779 1703 consona
803 1650 918 1701 ultimae
935 1653 979 1704 ad.
1000 1665 1024 1703 o.
1043 1657 1077 1704 32
1096 1652 1161 1717 84

99 1719 205 1770 dictum
223 1721 284 1770 est:
303 1719 439 1787 vocalem,
459 1731 542 1785 quam
559 1721 680 1782 optimus
697 1721 785 1770 codex
802 1721 832 1770 ct
843 1721 914 1769 liar.
929 1723 963 1771 A.
979 1725 1161 1791 praebebant,

99 1789 156 1840 etsi
176 1803 200 1839 c.
218 1791 254 1841 67
273 1791 299 1850 8.
319 1791 338 1841 7
355 1791 426 1838 eatis
444 1791 566 1855 certain,
599 1790 737 1840 tamenin
757 1788 928 1850 reliquorum
944 1791 1080 1842 librorum
1099 1795 1161 1846 dle-

99 1872 190 1912 sensu
208 1857 334 1921 recipcre
352 1858 478 1908 dubitavi
495 1860 659 1923 propterea,
681 1859 753 1920 qnod
770 1859 894 1919 scriptor
913 1861 1040 1912 consulto
1060 1860 1161 1915 ut'ac·

99 1928 244 1988 casalini,
276 1928 317 1976 ita
334 1929 451 1977 ablativi
469 1929 587 1983 formam
606 1928 735 1978 variasse
754 1926 911 1976 videbatur.
944 1927 1034 1980 simili
1049 1932 1161 1986 ratione

99 1982 164 2050 ciri
177 2002 203 2062 1,
222 1996 257 2046 40
271 1995 374 2046 Sicore
387 2000 416 2046 et
428 1998 465 2045 ib.
479 2000 514 2046 62
527 1997 625 2047 Sicori
637 1997 762 2061 scripsit,
782 1995 854 2058 quod
866 1997 1030 2048 observavit
1045 2000 1163 2054 Schnei-

101 2070 187 2118 derus
206 2068 328 2117 Gramen.
346 2069 372 2129 2,
390 2066 451 2116 237.

137 2135 164 2196 8.
183 2140 199 2187 3
226 2136 284 2193 his]
316 2135 399 2183 voss.
417 2139 451 2184 A.
467 2135 543 2196 ugni.
562 2134 645 2185 Febr.
664 2135 749 2198 Bong.
770 2134 804 2181 A.
823 2133 866 2184 Pl.
885 2134 936 2184 Dr.
954 2133 1009 2184 Aa.
1024 2137 1107 2190 Vrec.
1126 2142 1162 2193 A.

98 2207 187 2256 vind.
206 2203 321 2256 Alici'l.
348 2205 401 2254 Gn.
426 2204 498 2253 Ven.
526 2202 597 2253 odel.
622 2204 663 2253 st.
688 2203 738 2254 Gr.
757 2203 782 2251 1).
800 2202 887 2253 Frell.
905 2203 963 2254 diis
982 2205 1058 2258 (lott.
1077 2207 1162 2263 Febr.

99 2277 184 2328 Vrat.
199 2273 251 2324 BC.
271 2274 367 2325 Hanno.
385 2272 423 2322 iis
440 2273 518 2331 (Per.
539 2272 585 2336 Α.)
605 2274 686 2330 Goth.
706 2273 736 2321 ll.
757 2271 818 2321 edd.
835 2273 899 2323 rell.

135 2340 368 2408 adulescentium]
392 2342 492 2404 iidem,
515 2341 562 2403 qui
581 2341 609 2403 8.
628 2342 644 2390 1
663 2341 840 2393 adulescens.
857 2342 1072 2397 adolescentum
1088 2348 1162 2400 liar.

100 2415 137 2464 Δ.
158 2411 280 2477 (odoios.
304 2413 351 2461 Dr.
369 2409 425 2461 Aa.
442 2410 555 2469 llamb.)
726 2444 730 2454 .

138 2482 207 2544 cap.
224 2480 268 2532 to.
287 2478 314 2540 8.
334 2481 349 2528 1
370 2478 454 2542 quod]
484 2478 535 2543 qui
551 2479 587 2530 V.
605 2479 636 2528 G.
656 2478 725 2528 Vre.
742 2475 793 2530 Cu.
811 2479 865 2531 (ix.
884 2479 964 2530 Leid.
982 2483 1017 2532 Δ.
1037 2484 1109 2539 ilar.
1127 2485 1182 2544 A.

100 2552 187 2602 Vind.
207 2553 240 2600 A.
280 2550 312 2598 ld
333 2549 403 2598 ferri
423 2550 536 2610 posset,
563 2546 589 2596 sl
607 2528 772 2610 sequerflr
789 2549 1002 2615 coniunctivus,
1026 2554 1076 2602 aut
1092 2554 1164 2606 nihil

101 2621 288 2686 praecederet
306 2618 364 2668 uisi
381 2618 500 2682 Caesar,
518 2617 567 2666 aut
584 2614 638 2666 noo
650 2616 753 2667 nuntio
771 2620 890 2682 accepto
901 2619 1019 2687 Caesar,
1035 2623 1067 2672 ut
1079 2634 1165 2686 prae·

66 2757 141 2810 bium
160 2769 224 2808 esec
236 2756 345 2820 nequior
364 2756 399 2806 de
414 2765 448 2804 re
462 2753 596 2819 frumcn-
638 2755 696 2804 bat.
736 2752 780 2803 cf.
813 2750 847 2818 5,
879 2750 915 2806 ⁵4
944 2754 972 2817 8.
1000 2761 1017 2808 3
1040 2763 1166 2822 praeter

66 2826 152 2881 torio
168 2826 257 2877 Bolos
280 2829 367 2889 atque
388 2824 523 2873 Haeduos
540 2822 595 2873 od·
637 2822 773 2874 Haeduos
786 2824 817 2872 et
829 2823 945 2889 Remos,
964 2837 1034 2889 quos
1047 2831 1166 2889 praeei-

66 2896 189 2950 lccrtori
219 2908 277 2944 oon
306 2895 422 2945 destitit
430 2906 441 2950 ,·
472 2904 596 2955 qaorum
637 2905 694 2957 pao
703 2903 816 2954 seraper
825 2890 1164 2968 loncreCoesarleadute‚

65 2966 166 3030 alteri,
180 2965 257 3028 quod
268 2966 346 3013 nullo
360 2960 595 3027 stodioopelont,
638 2964 749 3012 alteros
771 2963 946 3022 prevalere
966 2976 1001 3014 ac
1019 2972 1165 3031 perpetua

65 3049 126 3089 noa
141 3033 265 3087 matum
283 3032 477 3097 adiacebant,
508 3027 597 3082 elteri
640 3042 712 3097 erpo
740 3031 879 3092 populum
905 3032 1067 3084 Romanum
1098 3035 1164 3101 lide,

66 3119 128 3158 noce
151 3103 264 3170 mopnis
285 3102 490 3169 facultatibus,
521 3097 596 3164 quod
639 3101 751 3150 alteros
781 3109 837 3160 pro
868 3101 1031 3153 recentibus
1062 3103 1166 3158 Gallici

68 3174 177 3228 ciuitas
204 3174 271 3224 eret
296 3173 404 3238 euripus
421 3173 451 3221 et
468 3165 597 3232 infirnus,
639 3166 703 3219 belii
720 3164 833 3232 officiis.
868 3165 929 3222 civ.
955 3173 988 3232 3,
1021 3169 1054 3221 51
1080 3172 1106 3231 8.
1129 3174 1166 3227 4.·

68 3244 216 3298 celeriter
234 3243 310 3307 qaod
328 3241 507 3302 doluerunt,
526 3250 596 3288 con·
639 3237 715 3289 aliae
744 3237 819 3285 enim
850 3239 920 3288 scant
944 3240 1033 3305 lopati
1058 3234 1179 3305 partes*

69 3314 268 3379 asumpserunt.
302 3312 379 3361 Adde
393 3310 454 3359 Gir.
472 3310 499 3370 2,
516 3309 555 3382 ἢ
568 3305 597 3368 8.
638 3310 727 3372 etque
745 3305 947 3368 insperatoris:
972 3311 1051 3359 alter
1069 3314 1165 3366 omnia

71 3388 97 3435 1.
134 3385 180 3434 Ac
193 3379 299 3441 nescio,
318 3391 354 3428 en
372 3381 421 3428 hoc
440 3377 522 3427 etiem
537 3388 597 3426 me-
639 3387 728 3441 opcre
741 3376 1015 3442 capraemortem,
1033 3381 1112 3432 ulter
1127 3384 1166 3434 ii-

69 3453 114 3519 gie
127 3458 337 3502 consentaneum
352 3449 501 3515 putaverit,
519 3457 598 3509 quam
640 3447 707 3497 bere
729 3444 766 3494 od
784 3457 923 3502 summam
940 3457 1042 3498 rerum
1058 3460 1166 3504 censu·

70 3524 197 3573 alterurn.
239 3518 282 3568 ci.
303 3520 337 3580 5,
368 3517 429 3576 38.
448 3519 481 3567 2:
512 3516 546 3565 ta
563 3526 599 3578 eo
639 3519 703 3569 lere
729 3515 818 3565 decet.
863 3515 958 3578 ltaque
985 3517 1011 3564 n.
1041 3516 1059 3565 1.
1088 3521 1164 3573 nulio

69 3591 191 3643 civitate
209 3589 266 3638 duc
283 3587 319 3638 de
333 3587 502 3649 principatu
519 3585 599 3635 inter
641 3593 775 3637 momento
789 3581 954 3633 aestimasse
966 3586 1100 3644 putandus
1110 3593 1165 3652 cst,

70 3656 348 3719 recontendebat,
379 3655 599 3704 lodociomorus
640 3659 731 3706 utrum
758 3663 807 3714 pro
831 3660 892 3702 utro
917 3663 1055 3715 pugnasse
1079 3658 1167 3712 lector

69 3733 101 3785 et
123 3726 317 3793 Oinpetorior3
347 3724 598 3788 recideretur,
641 3723 833 3776 arbitraretur.
885 3721 961 3770 idem
995 3730 1167 3782 statuendum

71 3790 599 3860 amatorqueaecaesarcscepconum-
641 3793 751 3844 videtur
770 3792 802 3854 1,
827 3786 862 3840 53
880 3789 906 3851 8.
922 3785 949 3838 4.
980 3789 1015 3857 5,
1039 3796 1076 3847 27
1094 3796 1167 3857 Μ,

72 3882 127 3937 que
150 3868 283 3919 odoratu
301 3865 447 3930 nequitum
467 3864 529 3926 est,
559 3860 599 3911 ad
643 3858 705 3913 Cir.
725 3865 756 3922 3,
781 3861 843 3924 48.
862 3859 887 3908 5.
912 3857 963 3924 15,
987 3862 1014 3908 6.
1046 3865 1114 3931 109,
1139 3869 1166 3920 5.
1272 3871 1275 3883 ·

73 3952 136 3992 eum
153 3938 246 3996 venit,
264 3945 435 3999 soccosque
453 3943 550 3982 omnes
568 3929 600 3980 in
641 3933 701 3984 Air.
718 3933 763 3993 67,
782 3931 806 3978 1.
824 3929 900 3989 illep.
920 3932 964 3993 33,
983 3927 1009 3980 5.

73 4007 171 4076 officio
208 4007 331 4072 tuturos
353 4029 384 4041 -
404 3998 598 4065 confirmavit,
694 3999 722 4061 8.
740 4003 757 4050 3
778 4001 834 4049 levi
854 4002 988 4049 momento
1006 3999 1168 4071 aestimare]

72 4087 202 4146 quaeque
219 4075 250 4125 io
263 4072 395 4141 Treviris
411 4071 599 4139 perorantur,
642 4067 683 4122 cl.
701 4072 736 4134 3,
754 4070 791 4120 20
811 4070 837 4132 §.
856 4069 881 4119 1.

72 4146 211 4200 ostendit·
247 4144 286 4196 At
306 4141 528 4194 luduoiomorus
545 4140 599 4191 eto.
693 4132 761 4201 Cap.
785 4137 830 4190 40.
856 4135 885 4198 8.
911 4138 927 4188 1
957 4141 1169 4203 quod-tudur-

71 4217 174 4272 emen
191 4213 311 4270 alterum
327 4222 381 4266 nou
393 4211 483 4267 uiuus
496 4209 600 4276 probe·
642 4205 733 4275 earet]
763 4207 815 4260 iiie
845 4207 940 4259 vernis
965 4212 1168 4276 Metepnrastes

874 4271 959 4345 20*
