2700 4726
145 334 212 402 374
414 327 691 399 nonullo
723 327 977 400 Gallico

150 510 300 605 turiges,
335 476 377 585 nc
405 501 664 609 pulcherrimam
691 540 797 609 prope
817 519 925 606 totius
948 515 1082 586 Galliae
1103 513 1234 598 urbem,
1288 539 1296 551 ·

151 628 238 694 quac
261 614 296 672 et
315 606 486 695 pracsidio
511 615 547 673 et
568 614 763 674 ornamento
786 606 833 672 sit
854 607 1005 686 civitati,
1032 604 1106 672 suis
1129 606 1237 682 mani-

111 695 217 769 6bus
244 693 447 761 succendere
473 704 686 781 cogerentur.
723 694 845 766 Facile
873 717 911 761 se
937 695 1004 760 loci
1030 703 1151 757 natura
1177 690 1237 758 de·

152 783 308 850 sensuros
338 781 486 864 dicunt,
507 781 596 869 quud
623 803 727 870 prope
751 800 791 846 ox
814 781 966 847 omuibus
992 782 1147 867 partibus
1169 781 1236 844 flu-

153 872 241 935 mine
263 877 299 935 et
317 869 440 959 palude
459 867 665 936 circumdata
688 890 789 933 unum
807 870 929 935 habeat
946 876 980 932 et
994 875 1237 956 perangustum

109 955 296 1029 deditum.
344 956 460 1025 Datur
494 956 689 1045 petentibus
730 957 843 1039 venia,
881 957 1097 1022 dissuadente
1128 956 1238 1044 primo

152 1044 446 1131 Vercingetorige,
466 1054 547 1135 post
569 1042 771 1111 concedente
793 1054 829 1110 st
849 1042 1005 1133 precihus
1027 1040 1178 1131 ipsorum
1202 1042 1238 1108 'ot

217 1232 282 1297 §.4
308 1243 336 1286 et
360 1234 510 1297 praesidio]
541 1235 572 1287 et
596 1245 649 1286 om.
677 1235 782 1302 „ilisa
807 1231 959 1298 plerique“
977 1233 1037 1283 Pet.
1055 1233 1131 1284 Gott.
1152 1234 1237 1282 Voss.

182 1307 217 1355 Α.
238 1307 316 1370 ligur.
343 1300 429 1367 song.
448 1303 481 1354 A.
507 1303 570 1357 rar.
588 1308 621 1355 Α.
648 1305 696 1355 Dr.
714 1306 770 1355 Ali.
790 1303 866 1358 Vrat.
887 1303 964 1354 Alic.
982 1303 1062 1352 (lotii.
1083 1304 1114 1354 li.
1134 1302 1235 1353 licent.

183 1375 244 1428 edd.
268 1376 334 1423 ante
352 1373 414 1423 Aid.
451 1373 485 1422 ln
505 1373 588 1423 vind.
605 1373 635 1424 c.
661 1373 721 1422 eius
741 1375 801 1424 loco
818 1383 862 1422 est
881 1373 921 1424 ia.
957 1372 999 1423 Et
1017 1376 1047 1421 ut
1065 1382 1236 1422 nonncces·¹

183 1445 305 1508 sarium,
329 1441 368 1491 ita
387 1444 432 1491 est
448 1440 635 1508 aptissimum,
661 1443 726 1504 quia
742 1441 835 1492 statim
856 1454 908 1491 non
926 1440 1052 1502 simplex,
1069 1443 1117 1490 sed
1134 1440 1236 1501 duplex

183 1511 260 1561 iilius
280 1512 357 1563 urbis
375 1515 539 1561 momentum
557 1523 622 1561 esse
641 1510 770 1563 ostendit.
803 1511 847 1563 Gi.
874 1512 968 1562 liurat.
989 1504 1081 1560 Carnu.
1104 1512 1136 1572 1,
1170 1511 1238 1559 iv.

184 1582 219 1629 2:
254 1593 271 1628 o
298 1581 328 1630 et
350 1579 527 1642 praesidinm
553 1582 583 1631 et
606 1581 690 1631 dtdce
712 1582 798 1631 decos
816 1593 920 1632 meum.
955 1576 1060 1628 Contra
1077 1577 1237 1631 Ariovistus

183 1648 219 1712 1,
243 1645 280 1699 li
296 1648 323 1708 S.
343 1651 361 1697 6
378 1648 535 1699 amicitiam
551 1651 649 1712 popuii
666 1649 791 1700 Romani
808 1649 862 1699 sibi
882 1651 1053 1699 ornamento
1072 1649 1102 1699 et
1120 1649 1237 1711 proesi-

185 1718 249 1781 dio,
268 1730 325 1767 non
342 1718 517 1789 detrimento
536 1731 597 1769 esee
620 1722 761 1782 oportere
782 1718 874 1768 dicens
895 1719 922 1767 in
941 1716 1071 1780 praesidii
1091 1717 1237 1781 cogitatio-

183 1797 245 1835 nem
263 1786 334 1836 inter
351 1788 510 1849 loquendum
530 1787 640 1837 videtur
656 1787 793 1838 incidisse.
830 1787 873 1843 Gi.
894 1787 932 1836 it.
950 1790 994 1850 33,
1015 1786 1043 1846 s.
1058 1789 1085 1851 2,
1103 1787 1149 1836 ubl
1165 1787 1237 1835 Cae-

183 1867 233 1906 sar
250 1854 354 1917 aliquid
374 1855 575 1923 turpissimum
590 1857 643 1907 siti
660 1859 690 1908 et
709 1858 756 1908 rei
773 1857 903 1923 publicae
919 1866 984 1904 esse
1002 1855 1077 1920 dicit,
1095 1867 1156 1905 oum
1174 1854 1236 1910 Gir,

183 1926 217 1989 3,
245 1927 278 1974 10
297 1924 324 1985 s.
343 1925 379 1990 9,
410 1925 455 1974 nbi
478 1926 548 1976 icen
567 1929 597 1978 et
615 1926 663 1978 rei
681 1928 811 1990 publicae
828 1927 858 1977 ei
876 1925 948 1989 ipsis
963 1926 1082 1988 placere
1097 1927 1238 1989 oportere

182 1992 284 2055 allucio
302 1996 477 2044 demonstrat.
985 1997 991 2010 '

124 2120 125 2124 ἵ
215 2070 244 2111 et
264 2073 421 2116 ornamento
439 2063 490 2124 sit]
508 2077 531 2114 o.
549 2078 573 2117 e.
589 2077 617 2114 o.
635 2061 716 2114 Vinii.
735 2061 768 2114 Α.
788 2059 827 2130 (e.
848 2076 875 2113 o.
893 2060 928 2127 fii
946 2063 1062 2119 liano.)
1086 2102 1111 2127 μ.

216 2130 337 2199 civitati]
362 2134 487 2184 civitatis
505 2135 580 2185 Leid.
595 2135 629 2183 A.
648 2134 718 2181 llav.
738 2138 770 2182 Α.
793 2137 821 2183 et
841 2131 947 2193 punctis
966 2126 1130 2192 subscriptis
1147 2127 1233 2181 Vind.

182 2193 218 2254 Α.
241 2201 424 2260 (civitatibus
445 2204 529 2253 Voss.
553 2204 583 2257 ll.
608 2201 650 2252 eis
673 2202 798 2252 omnious
822 2202 872 2254 Dr.
892 2203 919 2251 li.
944 2196 1021 2251 Vind.
1041 2201 1073 2250 F.
1089 2195 1236 2265 „Vasc.“

182 2281 278 2334 margo
296 2272 380 2325 Frell.
400 2272 427 2324 ei
442 2273 524 2333 cong.
544 2271 573 2324 G.
591 2270 650 2320 Pal.
667 2271 793 2322 orandus
810 2267 923 2337 „Ven.“
938 2271 1010 2322 Med.
1028 2267 1254 2322 avenmoet·

183 2341 352 2403 ou.‚‚1uss.
371 2343 397 2390 c.
415 2341 458 2391 en.
476 2340 552 2387 acm.
569 2337 678 2404 Μαι)

217 2406 277 2456 suis
293 2408 429 2466 maclous]
446 2408 561 2471 sumque
578 2408 705 2458 omnibus
724 2407 793 2458 And.
809 2405 870 2457 estis
889 2417 941 2457 otu.
960 2402 1042 2458 vinu.
1061 2405 1094 2456 ll.
1200 2409 1202 2415 ’

218 2473 400 2542 succendere]
430 2476 583 2528 incendere
607 2477 685 2528 Leid.
710 2478 744 2525 A.
770 2477 838 2526 hor.
863 2475 946 2526 Dorv.
972 2476 1021 2525 Dr.
1045 2472 1077 2528 it.
1101 2462 1185 2527 'Vita
1204 2470 1235 2525 0.

183 2541 264 2596 eota
284 2546 312 2592 ll.
330 2544 426 2594 flauo.
446 2545 507 2594 edd.
524 2557 588 2595 ante
604 2546 665 2595 nid.
683 2542 833 2611 (incedere
851 2547 921 2598 Ven.
940 2545 1000 2605 cd.)
1225 2551 1229 2556 '

217 2615 393 2675 cogerentur]
408 2616 553 2679 coquntur
572 2613 643 2663 And.

163 2679 279 2809 *17835
304 2694 339 2731 ex
357 2681 480 2734 omnibus
501 2683 638 2744 partitus]
665 2694 704 2735 eo·
721 2695 775 2736 om.
792 2683 873 2734 Vrat.
892 2683 927 2734 A.
952 2681 996 2736 Gi.
1015 2682 1078 2734 adn.
1094 2693 1135 2734 cr.
1152 2680 1188 2733 ad
1207 2677 1236 2747 ⁵,

150 2852 153 2857 -
221 2816 333 2886 habeat]
352 2817 469 2873 tacebat
489 2820 538 2870 Dr.
554 2822 589 2882 A.
606 2818 692 2873 iactet
707 2821 780 2872 Ven.
799 2819 888 2872 leder.

195 2983 280 3036 propa
301 2974 400 3036 totius]
431 2976 604 3038 Praeponere
620 2977 670 3028 iroc
711 2978 782 3040 quod
795 2975 821 3027 si
835 2988 929 3027 verum
942 2978 1013 3038 crat,
1032 2972 1173 3039 aptissime
1185 2974 1238 3027 ed-

134 3039 442 3111 adverbiunccesar,
472 3047 570 3096 Livius
593 3053 670 3107 post-
711 3047 796 3097 ditum
821 3057 885 3095 esse
908 3045 970 3108 quis
994 3038 1096 3108 neget?
1130 3038 1237 3095 Deinde

143 3119 245 3173 ponere
268 3115 347 3164 solet.
383 3115 427 3168 ci.
441 3117 534 3169 iloni.
551 3115 670 3166 Turseli.
712 3116 857 3165 videndum
874 3119 946 3181 erat,
963 3125 998 3164 cn
1016 3115 1239 3177 quemadmodum

142 3179 178 3245 4,
196 3181 260 3232 603.
687 3184 786 3246 ,alliot
804 3185 844 3235 ita
860 3182 923 3235 inl.
941 3183 1025 3232 alium
1043 3191 1153 3244 praeter
1165 3182 1239 3233 cae-

195 3249 221 3311 s.
242 3249 259 3300 5
284 3250 406 3311 iiumiue]
433 3252 464 3302 ld
484 3253 669 3304 ilotorunnnos
712 3264 801 3302 sarem
814 3260 951 3302 auctorem
964 3259 1074 3301 secutus
1089 3251 1239 3303 essetDio.

141 3314 257 3369 Dionem
282 3322 301 3371 l.
322 3319 357 3374 io
374 3322 496 3382 rapidum
513 3325 669 3386 appellasse
710 3320 803 3383 Neque
820 3332 889 3369 vero
906 3320 1029 3371 omnibus
1048 3320 1164 3370 Graecis
1179 3320 1239 3371 ori·

144 3387 224 3438 docet
243 3397 293 3452 „ut
310 3391 413 3453 ailquid
428 3391 558 3441 videlicet
576 3393 668 3453 inepto
710 3389 776 3439 mini
794 3391 952 3439 vertendum
965 3391 1035 3453 quod
1050 3390 1098 3439 tini
1111 3391 1139 3437 et
1152 3387 1237 3442 alteri

53 3474 56 3478 ¹
121 3454 309 3508 ‘Graecorum
322 3457 578 3523 moreaffingeret.“
596 3462 667 3510 llor-
709 3459 754 3508 llio
770 3460 799 3506 et
818 3459 876 3507 illio
894 3458 954 3508 iure
973 3459 1172 3520 obiicipotest.

141 3525 219 3577 iesse
244 3529 430 3578 liotomannus
462 3531 559 3580 ilumen
589 3531 671 3594 illud,
761 3535 791 3577 et
814 3529 1017 3592 perangustum]
1050 3527 1092 3580 Gi.
1115 3529 1176 3579 adn.
1199 3528 1236 3579 ad

143 3595 215 3656 qnod
241 3597 323 3646 etiem
342 3601 398 3648 turn
416 3600 554 3649 nvaronis
570 3611 667 3648 nornen
708 3597 735 3660 2,
754 3594 790 3647 25
805 3597 832 3666 §.
851 3597 876 3646 i.

142 3663 264 3714 tenuisse
278 3668 397 3717 testetur
412 3669 570 3726 (secundum
578 3670 668 3717 Ulter-
763 3665 789 3734 §.
806 3670 823 3714 6
843 3663 1030 3716 misericordia
1048 3661 1136 3729 volgi]
1165 3657 1236 3714 Conr

143 3733 199 3781 tum
216 3746 243 3793 p.
261 3732 314 3784 ³94
330 3736 407 3785 nodie
421 3737 522 3788 Aaron
539 3748 567 3787 et
582 3738 666 3788 livre
708 3734 955 3801 Vercingetorigis,
973 3739 1002 3784 ut
1018 3734 1153 3795 exipsius
1168 3743 1238 3784 ora·

142 3801 313 3867 appellatur)
331 3815 384 3854 non
401 3807 524 3867 rapidum
540 3817 602 3854 esse
615 3818 666 3855 no·
707 3803 782 3853 tione
798 3803 971 3868 intelligitur,
986 3805 1061 3856 nulia
1076 3801 1236 3854 misericor-

141 3878 200 3920 rct:
232 3872 353 3933 alioquin
377 3873 471 3936 iniqua
495 3884 555 3926 erat
571 3887 666 3934 repre·
707 3873 753 3923 dia
778 3882 854 3923 esset
881 3886 967 3935 neque
990 3871 1106 3938 reliqui,
1135 3869 1181 3934 qui
1204 3871 1235 3922 in

142 3939 245 3990 lensio.
279 3942 331 3993 Dio
346 3942 470 4010 enituit),
487 3942 664 3994 {litationem
707 3941 824 3993 concilio
854 3938 985 4005 aderant,
1022 3942 1098 4006 vulgi
1129 3938 1234 4006 potius,

141 4009 312 4060 difficultatis
345 4014 516 4076 oppugnandi
547 4014 663 4064 reddens
706 4024 785 4073 qnam
811 4011 929 4063 omnium
951 4010 1160 4062 Avaricensiunr
1181 4022 1232 4061 ra·

139 4073 173 4129 to*
190 4079 276 4143 τεῖχος
299 4073 480 4148 δυσπρόσιτον
496 4071 545 4146 ἦν,
566 4082 663 4145 iuquit,
705 4081 805 4131 tionem
825 4080 952 4132 habuisse
972 4081 1124 4144 videantur,
1142 4077 1230 4130 mise-

136 4140 175 4264 ?
190 4143 243 4210 μὲν
263 4142 331 4197 ἑλῶν
349 4141 555 4215 δυσδιαβῶτων,
582 4144 618 4220 τῇ
633 4144 663 4201 δὲ
705 4149 837 4215 νξεονάἱα
862 4150 943 4216 culpi
959 4150 983 4197 ir.
1002 4151 1020 4200 l.
1038 4162 1091 4200 non
1108 4148 1138 4197 ui
1155 4150 1229 4210 apud

159 4209 659 4286 osopodp‘oo'dootodedueptizortot.
704 4219 761 4272 cic.
785 4222 841 4272 att.
867 4221 903 4286 7,
934 4219 967 4269 12
993 4214 1019 4280 S.
1043 4223 1061 4270 3
1085 4216 1230 4284 (sranqot‘
