2700 4726
851 210 870 255 h

415 324 521 436 nra.
543 326 627 399 vu.
669 324 792 400 car.
814 330 861 396 ra
1107 330 1175 402 aas

82 510 171 578 Post
207 532 264 577 aas
303 534 458 601 aggerem
495 534 536 579 aa
564 499 694 581 vallum*
718 513 803 582 xii.
834 514 956 603 pedum
989 519 1212 592 exstruxitd

81 600 173 666 Huic
205 600 344 667 ioricam
375 604 561 691 pinnasque
592 601 717 668 adiecit
746 604 931 688 grandibus
953 607 1061 671 carris
1084 606 1168 673 arni-

155 789 182 852 s.
202 789 219 840 4
235 792 306 843 Post
321 792 384 850 eas]
412 803 482 842 corr.
501 793 549 843 Dr.
563 795 597 841 Δ.
622 793 725 856 posteo
742 793 817 846 heic.
838 798 872 849 A.
890 794 970 847 vind.
989 798 1023 848 h.

150 861 277 923 ioricam]
306 862 430 911 turicum
449 861 526 914 Leid.
546 864 580 911 A.
604 864 676 914 flav.
693 864 728 917 h.
747 864 827 915 vind.
845 868 879 916 A.
906 865 1017 917 doricas
1035 864 1113 919 Goth.
1131 866 1166 919 A·

116 929 160 985 Oi.
181 933 243 985 adn.
262 945 301 982 cr.
319 932 355 980 ad
372 931 405 996 5,
427 927 462 980 40
479 929 505 991 S.
523 933 550 983 6.

132 1098 159 1159 S.
176 1096 196 1149 4
212 1100 277 1151 Post
290 1102 353 1161 eas]
372 1099 422 1151 iiis
434 1099 528 1152 verbis
542 1104 605 1165 post
646 1101 703 1153 texi
721 1104 755 1156 ad
773 1105 865 1154 turres
889 1101 1029 1167 dicuntur,
1052 1102 1169 1156 loricam

78 1170 244 1220 exteriorem
275 1171 379 1221 fossam
412 1184 539 1234 aggerem
569 1184 603 1224 ac
645 1173 716 1223 idem
732 1180 814 1235 atque
829 1160 1093 1237 pinnassigniiicare
1106 1181 1167 1223 sta-

79 1240 185 1288 vaiium
224 1252 241 1290 a
276 1239 397 1307 Caesare
432 1243 604 1291 exstructum
645 1243 714 1304 tuit,
750 1242 877 1292 inductus
910 1240 1092 1307 dictionibus,
1133 1244 1167 1291 da

78 1307 233 1370 significari
250 1312 326 1358 recte
352 1311 449 1360 docent
467 1310 603 1372 interpre-
645 1311 741 1375 quibus
758 1312 793 1360 ad
810 1314 836 1374 2,
857 1276 935 1373 tes.
953 1313 968 1360 1
987 1312 1101 1374 egimus,
1116 1322 1167 1360 nec

77 1384 138 1439 tes,
164 1381 214 1428 sed
237 1389 351 1429 causam
374 1391 428 1430 uon
446 1381 602 1444 ostendunt,
645 1389 776 1442 reputans
790 1383 932 1443 utrumque
944 1380 1105 1430 vneahuiuut
1118 1391 1168 1430 ar-

82 1458 133 1494 cur
150 1445 189 1496 ita
207 1447 312 1512 potius,
335 1461 414 1510 quam
431 1451 498 1510 post
516 1453 615 1501 ecte:
645 1450 683 1500 tis
705 1463 755 1498 seu
778 1450 921 1499 terminum
941 1449 1092 1499 technicum
1115 1460 1167 1510 pa-

78 1514 191 1566 rionem
216 1517 317 1566 dictum
348 1517 401 1579 sit;
439 1532 509 1580 quae
536 1522 605 1568 haec
647 1519 717 1568 riter
746 1527 794 1568 aut
817 1520 920 1569 ciarum
945 1522 993 1568 aut
1018 1519 1168 1571 obscurum

78 1597 143 1633 esse
172 1588 280 1649 potest,
314 1588 383 1648 quod
413 1586 507 1637 iussae
537 1587 603 1637 iiiae
647 1587 737 1638 rideri
765 1587 892 1649 scriptori
924 1586 1067 1652 debuisse,
1098 1598 1168 1637 nsu-

79 1667 169 1714 parro
194 1655 340 1705 intervallo
362 1657 436 1706 inter
464 1668 495 1705 se
513 1656 603 1706 dista·
645 1653 718 1708 truiu
739 1657 852 1706 alterius
869 1655 1020 1707 adiectione
1033 1666 1081 1706 aut
1094 1653 1168 1706 indi-

77 1731 156 1786 rent,
189 1731 219 1772 ut
241 1725 372 1784 munitio,
406 1737 476 1787 quae
501 1736 604 1788 aggere
646 1738 712 1789 gere
730 1735 777 1775 aut
795 1726 929 1777 illustrari
947 1729 1080 1788 potuisse.
1113 1726 1168 1774 dt-

78 1804 113 1844 ac
134 1794 209 1841 roilo
229 1795 388 1854 constabat,
408 1796 442 1842 ad
462 1801 604 1855 utramque
646 1807 698 1857 que
729 1796 803 1845 alind
833 1808 897 1845 esse
928 1795 1057 1859 ioricam,
1092 1792 1168 1845 aiiud

76 1862 227 1922 pertineret
260 1865 289 1910 et
323 1861 462 1911 interioris
498 1874 603 1925 qunque
646 1863 743 1925 pinnas
771 1876 806 1911 ex
823 1859 909 1912 curtii
932 1864 994 1915 loco
1017 1865 1044 1915 in
1068 1862 1167 1915 lexicis

75 1931 172 1980 fossas
190 1931 335 1980 transitum
354 1932 469 1981 hostium
487 1930 602 1993 impedi·
645 1933 729 1981 citato
739 1939 851 1992 apparet
861 1929 914 1996 9,4
925 1933 952 1992 S.
961 1933 998 1983 30
1010 1937 1049 1992 (c.
1059 1932 1094 1984 18
1102 1935 1166 1990 m:

75 2007 136 2064 ret,
155 2001 313 2061 praesertim
335 2000 455 2051 turribus
474 2008 504 2050 ut
520 2003 602 2063 pauiu
644 2003 771 2065 unpusto
787 2002 865 2050 murt
880 2013 989 2051 corona
1007 2005 1090 2052 erat:
1107 2013 1167 2051 uos

75 2076 140 2130 post
173 2070 393 2137 demonstratur,
427 2073 484 2119 tote
518 2082 602 2131 opere
643 2072 749 2134 manue
766 2070 844 2120 siout
859 2070 927 2120 alibi
940 2071 1091 2135 fastigium
1105 2071 1167 2123 etus

76 2137 262 2188 circumdatis.
644 2139 861 2204 dictinceront,
887 2139 938 2188 sed
954 2143 1098 2200 perpetua
1121 2140 1166 2189 lc-

131 2218 262 2270 aggerenr
281 2218 315 2256 ac
333 2208 449 2267 valiam]
468 2211 494 2258 h.
508 2221 534 2259 e.
551 2220 602 2271 ag·
644 2210 710 2258 ricc
735 2209 857 2257 obductu
884 2208 1044 2258 transitum
1067 2219 1167 2270 septe·

76 2287 189 2340 geram,
226 2274 271 2339 qui
299 2276 379 2328 simul
403 2279 508 2328 vaiium
525 2280 602 2342 erat,
645 2280 705 2328 rat.
742 2273 1167 2340 indidemqueotexeo,t1uod
1220 2270 1225 2285 ¹

75 2345 162 2394 vatus
181 2358 230 2394 seu
251 2344 364 2393 surinus
382 2354 471 2397 terrae
489 2359 524 2396 ac
541 2358 601 2398 ma·
642 2349 718 2397 terra
742 2358 768 2397 c.
792 2345 828 2396 sc
850 2334 877 2405 s.
903 2344 919 2396 5
950 2345 1026 2396 uun
1048 2346 1168 2397 raretum

74 2414 179 2474 terite,
201 2428 255 2475 qna
272 2425 359 2478 agger
378 2411 540 2479 constabat,
557 2417 601 2466 in·
644 2418 752 2467 odiant
786 2427 823 2466 ac
855 2416 978 2466 luricam
1011 2414 1167 2465 rescindere

75 2483 171 2534 sertis.
198 2485 256 2532 Nec
273 2484 333 2533 sine
349 2485 454 2535 ratione
467 2497 522 2535 nou
537 2486 601 2536 col·
643 2493 810 2549 narrantur,
834 2482 987 2533 verisimile
1004 2482 1036 2532 iit
1054 2484 1169 2535 ioricam

76 2555 138 2604 tum
164 2561 286 2617 tantum,
322 2556 371 2603 sed
402 2566 538 2620 apperens
566 2566 601 2605 ac
643 2555 669 2604 iu
688 2565 791 2604 summo
807 2564 911 2617 aggere
928 2553 1087 2619 obductam,
1112 2563 1168 2604 non

74 2620 274 2685 cauumdixit,
293 2620 317 2668 si
332 2630 391 2682 post
406 2625 519 2684 primam
534 2635 600 2686 que
643 2624 724 2675 lateri
752 2624 812 2672 eius
844 2623 878 2671 ad
908 2622 1011 2674 fossam
1043 2619 1168 2684 vergenti

76 2703 130 2755 que
148 2690 251 2739 iussam
267 2694 295 2739 et
309 2693 369 2750 post
386 2695 533 2742 secundam
551 2702 600 2742 seu
643 2697 779 2754 tamquam
795 2693 914 2740 crustam
927 2690 1055 2741 iniectam
1069 2690 1167 2759 inisse,

75 2759 234 2810 interiorem
252 2760 410 2808 necessario
428 2763 529 2810 terram
549 2773 601 2823 ag·
642 2760 740 2824 pinnas
757 2768 864 2825 autern,
882 2771 952 2821 quas
969 2760 1051 2809 etiam
1067 2758 1169 2821 inipso

76 2834 183 2891 gestam
208 2828 295 2878 inisse
323 2828 481 2891 siguificare
504 2831 599 2879 votuit.
644 2842 743 2892 aggere
764 2829 825 2892 poni
842 2827 964 2891 potuisse
982 2836 1043 2877 eum
1068 2838 1118 2890 per
1135 2840 1166 2877 se

76 2899 172 2950 Genus
191 2897 296 2948 dicendi
312 2896 380 2946 iiiud
397 2901 454 2959 est,
473 2911 525 2960 quo
538 2911 600 2949 ma-
643 2902 737 2963 patet,
761 2908 816 2946 tum
834 2896 949 2958 Virgilii
967 2907 1067 2947 versus
1086 2896 1169 2945 docco

74 2967 221 3036 pistratus
235 2979 271 3015 cc
283 2965 433 3029 principes
446 2969 478 3031 6,
492 2969 525 3016 22
541 2967 600 3026 §.2
645 2972 713 3016 Aen.
730 2967 758 3027 7,
778 2966 831 3016 159
846 2966 1015 3029 primasque
1032 2963 1167 3015 inditore

75 3046 105 3086 et
118 3037 155 3085 ibi
170 3037 271 3085 coliata
283 3036 435 3097 pertiuent3
451 3036 501 3084 sed
511 3035 600 3101 appe·
644 3036 725 3087 sedet
740 3034 913 3085 Castrorum
931 3035 961 3083 iu
976 3045 1087 3084 acorem
1098 3033 1167 3097 pii»

75 3117 141 3157 rem
158 3118 193 3156 uc
212 3107 321 3154 cattum
347 3106 459 3167 saepius
479 3103 520 3154 sic
546 3105 601 3155 dici
643 3105 690 3155 nto
707 3107 798 3168 etque
814 3115 921 3170 appare
938 3103 1044 3169 ctnptt,
1068 3102 1166 3164 inquo

76 3183 177 3239 putans
194 3174 309 3224 lieidius
329 3173 452 3237 iaiiitur,
478 3181 506 3223 et
522 3176 601 3225 locu·
643 3185 698 3224 non
720 3174 802 3222 rideo
819 3173 925 3236 quade
949 3184 1035 3223 caasa
1049 3171 1168 3221 servias

76 3258 135 3295 rum
153 3244 189 3293 ab
213 3256 247 3292 eo
271 3246 489 3305 comparatorum
513 3245 601 3295 attero
644 3242 743 3308 pinnas
761 3254 808 3303 per
821 3241 1012 3303 synecdochen
1029 3253 1077 3303 pro
1090 3252 1168 3290 muro

75 3314 153 3373 (Gir.
178 3315 212 3375 3,
237 3314 272 3363 63
297 3310 323 3372 s.
345 3315 376 3370 1)
406 3324 459 3363 non
486 3314 600 3379 vaiium,
644 3310 699 3362 dici
715 3313 837 3376 statuat,
854 3309 951 3371 pinnas
967 3310 1188 3373 igituriorioac³

78 3385 128 3432 sed
145 3383 238 3430 vaiius
253 3385 314 3447 est,
332 3382 411 3431 euius
429 3395 515 3447 agger
531 3382 602 3432 diti·
645 3380 803 3432 coniunctas
822 3386 904 3442 atque
921 3378 1062 3440 impositas
1079 3378 1169 3427 maius

77 3455 137 3514 tur,
165 3453 282 3501 aiterum
301 3451 401 3510 (Birt.)
418 3452 447 3502 in
463 3451 547 3502 Hirtii
564 3453 601 3503 li·
644 3452 725 3501 etiarn
744 3447 993 3512 propugnatoribus
1015 3447 1167 3498 munimen·

77 3522 135 3571 bris
155 3522 261 3569 trustra
280 3531 408 3580 quaeras.
644 3528 699 3571 tum
720 3518 888 3580 praebuisse.
1063 3531 1067 3537 ·

127 3588 212 3655 Huic]
231 3601 285 3638 non
299 3591 392 3654 cado,
409 3589 479 3651 quod
492 3587 601 3640 ursan·
695 3589 846 3652 grandibus
864 3580 958 3635 cervis
975 3579 1167 3649 eminentibus]

75 3658 136 3709 dius
164 3660 191 3708 in
216 3657 326 3709 Luricc
352 3659 386 3707 de
416 3668 466 3706 suo
490 3656 602 3725 adiecit,
644 3661 670 3707 h.
688 3670 712 3706 e.
737 3658 795 3720 ita,
820 3665 851 3706 ut
868 3654 987 3719 grandes
1004 3652 1082 3702 cerri
1100 3650 1168 3701 emi-

76 3731 125 3778 sed
143 3729 265 3794 repperi,
283 3728 354 3790 qnod
368 3737 465 3775 nomeu
479 3730 507 3775 et
520 3729 601 3788 panio
644 3731 759 3794 nerent,
786 3739 853 3790 seu,
877 3724 946 3787 qnod
970 3718 1063 3795 eodein
1088 3722 1168 3787 redit,

77 3801 138 3860 post
152 3800 267 3847 iteratur
278 3802 306 3847 et
318 3796 467 3845 secuudum
477 3800 602 3846 nostram
646 3810 707 3847 cum
729 3794 879 3859 grandibus
898 3791 1006 3857 cervis,
1035 3787 1083 3856 qni
1101 3790 1169 3840 erni-

78 3869 222 3918 verborum
257 3878 392 3933 cpperem
423 3875 458 3914 cc
492 3867 601 3916 uoltum
644 3867 752 3916 nebant.
794 3866 886 3927 Vuigo
917 3867 981 3910 ante
1011 3861 1170 3933 praedibus

78 3934 327 3999 interpretationem
359 3934 520 3986 necessario
549 3947 601 3986 au·
644 3934 782 3997 incidunt3
819 3935 867 3983 sed
897 3929 983 3982 rerba
1012 3932 1082 3980 haee
1106 3940 1171 3981 cun

76 4006 202 4057 dieudum
221 4013 273 4058 est.
645 4003 870 4055 antecedentibus
894 3998 990 4050 vorbis
1008 4008 1063 4050 nou
1080 3999 1170 4048 minus

130 4074 246 4125 loricam
267 4071 431 4141 pinnasque]
457 4072 602 4134 hippertus
646 4075 810 4134 cohaerent,
836 4078 916 4135 qnam
943 4068 1021 4118 cerri
1045 4061 1172 4128 ipsi-am·

75 4145 102 4192 et
124 4145 149 4193 h.
168 4145 186 4193 1.
205 4151 233 4192 et
259 4144 294 4209 5,
311 4140 348 4193 iu
368 4143 395 4202 s.
414 4147 448 4206 6,
474 4142 520 4191 uhi
535 4143 603 4208 pin·
646 4141 771 4193 haesisse
810 4155 871 4193 cum
911 4138 999 4189 ionica
1034 4136 1172 4184 videntur.

73 4225 128 4265 nce
151 4213 323 4278 loricaeque
342 4225 381 4265 eta
402 4212 532 4265 cratibus
556 4218 603 4262 at·
646 4212 724 4275 onae
747 4222 808 4262 curn
834 4207 953 4276 pluteis,
977 4207 1004 4258 id
1028 4204 1100 4270 quud
1116 4212 1174 4256 w·

886 4269 967 4342 3θῆ
