2700 4726
81 358 85 367 .
132 302 202 374 330
390 298 461 369 DE
491 296 672 368 natio
704 295 963 370 ditonico

136 487 261 558 domno
283 485 446 568 ducibus,
473 485 663 576 desperatio
689 485 900 567 hominibus,
931 483 1104 554 Gonabum
1126 484 1226 571 signo
1260 455 1262 461 Ι

123 577 217 649 ¹dato
233 581 438 644 concurrunt
456 576 614 663 civesque
629 572 818 658 Romanos,
842 576 901 662 qui
916 572 1109 660 negotiandi
1122 595 1226 657 causa

138 666 188 734 ibi
212 668 454 745 constiterant,
476 663 512 730 in
533 665 587 731 lis
613 662 733 732 Gaium
747 663 880 733 Fufium
894 662 1024 745 Citam,
1048 661 1226 728 honestum

172 841 277 892 domno
297 840 357 891 ort.
373 839 455 890 liabr.
487 837 769 890 conconnetodumno
786 835 860 886 doto.
876 836 959 887 Fabr.
979 841 1006 889 et
1022 838 1090 890 Wb.
1111 836 1176 887 Par.
1195 838 1229 887 A.

173 912 349 961 conconneto
373 909 458 959 Drino
477 910 527 959 tiu.
560 906 775 959 aconnetodonc
796 901 873 956 Voss.
892 905 926 957 A.
946 905 1028 958 Fabi.
1053 908 1231 958 conconneto

174 980 279 1030 domno
297 981 377 1029 Vror..
399 980 427 1027 Β.
450 976 627 1044 Conccpneto
645 977 750 1040 dunpno
770 975 819 1024 Dr.
839 977 873 1024 A.
894 983 923 1023 et
940 987 989 1036 pro
1006 990 1035 1024 v.
1052 977 1072 1026 l.
1095 975 1179 1026 vind.
1199 976 1231 1024 Β.

143 1054 146 1063 “
173 1048 453 1100 Conconnetodumno
471 1051 546 1111 Egm.
566 1049 646 1097 liabr.
673 1044 1000 1105 canconeonnetodunno
1017 1045 1100 1094 Vrat.
1115 1045 1150 1094 A.
1173 1044 1230 1094 Oo-

173 1119 242 1169 noto
261 1118 358 1168 donno
376 1117 449 1166 liar.
467 1119 502 1167 A.
535 1114 726 1167 Conetodumo
744 1114 821 1163 Rom.
839 1124 865 1162 a.
890 1115 962 1162 Med.
979 1125 1004 1165 a.
1028 1114 1099 1164 Vcn.
1119 1114 1143 1166 b.
1168 1115 1232 1164 lior.

122 1220 127 1228 ·
175 1187 361 1238 Conetodnno
380 1186 458 1234 Gotb.
476 1185 508 1232 Β.
526 1185 598 1234 Ven.
617 1186 676 1234 cde.
693 1183 755 1231 Ald.
774 1193 831 1243 sqq.
848 1175 1055 1246 Kooprodov'oov
1073 1185 1140 1236 Met.
1160 1197 1232 1234 con-

175 1255 362 1308 dunnodatno
378 1253 461 1313 Dong.
478 1251 506 1303 0.
537 1251 698 1303 Conconeto
715 1250 775 1299 Pal.
800 1253 955 1301 conceneto
984 1252 1081 1302 llamb.
1106 1250 1152 1315 qui
1168 1261 1233 1314 poso

175 1326 291 1377 ducibus
318 1321 394 1372 addit
427 1322 457 1370 ot
481 1320 570 1371 diano
599 1320 723 1371 ducibus.
765 1317 901 1370 donanim
931 1317 1002 1372 Ven.
1028 1323 1047 1370 i.
1078 1322 1232 1372 condunno

174 1395 255 1445 Vind-
271 1393 302 1444 li.
327 1389 463 1440 Oondnno
479 1392 563 1444 Voss.
577 1391 606 1438 Β.
627 1390 698 1439 Dok.
715 1387 762 1437 Dr.
775 1389 807 1444 Β,
825 1382 905 1439 Vino.
918 1386 948 1438 C.
967 1388 1105 1440 Candnno
1115 1391 1196 1442 Vimd.
1209 1393 1233 1444 l.

174 1463 243 1514 Dud.
263 1461 308 1524 qui
326 1460 388 1508 inde
407 1469 426 1507 a
442 1458 556 1510 Vemc.
575 1460 715 1520 vulgatam
733 1457 897 1519 scripturam
916 1460 1019 1525 tenuit,
1038 1461 1072 1509 de
1091 1461 1233 1510 codicibus

174 1531 243 1583 nihil
269 1526 323 1579 nisi
341 1528 485 1589 plerosque
508 1529 609 1578 babere
626 1526 785 1577 Conconeto
804 1528 896 1593 duno,
920 1529 1017 1579 dunno
1036 1530 1137 1579 domno
1156 1529 1234 1597 dicit,

175 1601 246 1663 qood
263 1597 407 1658 analogiae
425 1600 453 1646 et
468 1595 637 1660 simplicitati
656 1595 794 1646 nominum
809 1597 975 1648 Gallicorum
992 1607 1135 1661 repugnat.
1158 1599 1233 1648 Vul-

175 1676 258 1732 gatac
288 1665 490 1730 imminutioni,
525 1678 605 1728 quam
636 1667 784 1715 secundum
814 1665 941 1726 optimum
971 1667 1090 1718 codicem
1115 1667 1234 1735 mutavi,

175 1737 257 1786 etiam
277 1736 327 1785 boc
345 1737 451 1800 obstac,
470 1737 540 1798 quod
556 1735 586 1784 in
603 1734 712 1784 donum
727 1746 779 1783 non
792 1735 930 1801 virorum,
950 1737 999 1785 sed
1013 1736 1168 1798 oppidorum
1183 1750 1235 1788 no-

175 1804 250 1856 rniua
265 1801 375 1863 Gallica
392 1806 468 1852 exire
486 1806 593 1855 solent:
609 1804 732 1854 duranno
750 1804 964 1856 terminationem
981 1807 1148 1857 commendat
1165 1804 1235 1858 Get-

125 1868 131 1885 *
177 1874 352 1925 domnorum
370 1871 402 1937 5,
417 1874 452 1924 ³9
471 1873 498 1942 §.
517 1875 532 1921 1
551 1881 580 1922 et
597 1871 784 1937 Dumnoripta
801 1885 907 1924 nornen.

212 1944 291 2005 signo
307 1944 384 2002 doto]
411 1943 514 2006 „Mos
534 1939 670 2002 plurimi“
688 1943 761 1992 Gott.
779 1943 861 1993 Voss.
877 1944 911 1993 A.
930 1944 1007 2006 Egm.
1025 1943 1090 1993 Par.
1108 1944 1141 1993 A.
1159 1942 1234 1996 ilar.

175 2014 211 2064 A.
234 2013 283 2062 Dr.
302 2010 359 2062 Ali.
381 2011 463 2060 Vrat.
485 2010 564 2073 ABG.
582 2011 664 2063 Gotb.
682 2012 710 2062 Β.
732 2010 830 2061 liamb.
849 2012 901 2061 Gu.
924 2012 1006 2063 vind.
1024 2012 1107 2063 Aleti.
1123 2013 1194 2064 Ven.
1212 2015 1235 2063 1.

110 2096 114 2105 ·
175 2082 207 2134 d.
224 2095 248 2130 s.
268 2080 328 2128 cur'n
348 2081 416 2134 rell.
429 2080 489 2129 edd.
508 2080 577 2130 oud.
595 2083 704 2129 tacente
721 2079 763 2129 ΡΙ.
790 2073 833 2128 Ci.
850 2082 912 2130 adu.
932 2092 971 2130 cr.
990 2081 1024 2130 od
1043 2083 1079 2146 3,
1096 2079 1112 2132 5
1131 2083 1156 2152 §.
1171 2085 1197 2131 Β.

211 2144 322 2213 Gaium]
345 2149 405 2203 Pet.
435 2148 510 2201 Goit.
532 2149 616 2198 Voss.
640 2149 674 2199 A.
700 2148 776 2210 Ligm.
800 2147 884 2210 Boug.
907 2151 940 2199 A.
965 2150 1032 2200 Par.
1053 2149 1087 2199 A.
1112 2153 1158 2201 Dr.
1176 2153 1235 2202 Ali.

175 2220 258 2271 Vrat.
277 2219 334 2268 AB.
360 2214 442 2267 vind.
463 2217 515 2265 ΒΒ.
541 2215 729 2282 Petr.16,4.
756 2215 791 2269 d.
808 2217 906 2267 liamb.
924 2219 994 2267 bled.
1014 2229 1040 2266 a.
1064 2219 1134 2268 Ven.
1157 2220 1183 2272 b.
1202 2221 1234 2273 0.

175 2282 255 2339 Vrat.
275 2286 306 2336 G.
328 2286 409 2336 (ioth.
430 2287 459 2336 Β.
477 2286 560 2335 vind.
580 2288 613 2335 A.
632 2286 691 2334 edd.
709 2286 771 2339 rell.
790 2297 842 2338 orn.
861 2287 935 2337 liar.
952 2289 987 2338 A.
998 2284 1038 2349 jd.
1055 2288 1085 2338 et
1101 2287 1179 2339 Leid.
1198 2293 1235 2342 A.

176 2354 292 2408 Gallum
310 2355 393 2404 Vind.
414 2354 436 2403 l.
461 2349 491 2403 C.
509 2353 624 2406 Gallum
643 2353 727 2406 Vind.
744 2354 775 2406 G.
1245 2361 1249 2365 '

213 2423 332 2484 Dulium]
352 2425 433 2487 cong.
451 2426 485 2474 A.
505 2436 561 2475 sec.
580 2425 651 2474 Ouid.
668 2432 696 2473 et
717 2428 772 2491 „ut
790 2418 926 2473 ridetur“
945 2423 988 2473 Pl.
1005 2425 1088 2477 Voss.
1103 2429 1136 2476 A.
1155 2428 1236 2490 Egm.

177 2507 235 2547 sac.
254 2493 322 2542 0ud.
342 2490 421 2556 (Par.
439 2489 488 2561 A.)
505 2494 553 2542 Dr.
571 2497 606 2544 A.
624 2493 704 2544 vind.
722 2495 756 2547 A.
774 2492 893 2543 muttum
912 2492 997 2543 Palm.
1023 2495 1132 2546 Forum
1150 2496 1234 2550 Vrnt.

177 2562 212 2616 A.
228 2563 338 2613 socium
356 2561 403 2611 Dr.
422 2563 453 2610 Β.
471 2561 586 2611 sisoium
602 2562 699 2613 liamb.
717 2563 837 2628 rufum,
860 2562 890 2611 in
907 2575 943 2618 m.
962 2565 1001 2616 ol.
1018 2563 1130 2632 rufium,
1150 2567 1236 2622 vind.

176 2631 209 2683 Β.
232 2628 360 2696 suffimen
378 2630 451 2680 Petr.
479 2626 581 2682 Φύσιον
599 2635 663 2686 Meo.
681 2631 803 2682 Durium
818 2630 934 2697 reliqui,
958 2633 1130 2693 revidetur,
1155 2639 1236 2690 codd.

176 2700 247 2751 ond.
266 2701 338 2752 liar.
357 2701 391 2752 A.
410 2698 483 2750 doit.
508 2710 566 2757 sec.
584 2702 655 2757 Wb.
678 2700 829 2763 vtatlic.
855 2702 937 2752 Gotb.
955 2703 985 2754 Β.
1012 2702 1094 2757 vind.
1112 2702 1143 2757 C.
1173 2719 1237 2758 cum

176 2772 238 2821 edd.
257 2771 328 2830 quod
344 2769 419 2820 illios
438 2768 539 2820 aetatis
556 2769 671 2832 Romani
690 2770 815 2822 Barium
833 2770 999 2823 scribebant.

211 2838 313 2898 Citam]
337 2839 449 2906 ‚,liong.
466 2842 498 2892 A.
517 2839 600 2891 Voss.
615 2836 647 2889 A.
665 2841 742 2901 ligni.
756 2838 805 2890 Cu.
824 2838 883 2890 l’et.
900 2842 977 2891 Leid.
987 2842 1022 2893 A.
1039 2838 1135 2898 linsl.“
1152 2841 1237 2906 (Lbb.

177 2905 278 2973 door.)
296 2911 342 2976 „3
359 2910 397 2959 al.
414 2909 466 2961 inc.
479 2910 555 2960 tiss.
568 2906 663 2961 Vrs.“
681 2907 763 2980 (vett.
780 2921 822 2961 cc.
841 2915 998 2981 constanter
1013 2915 1113 2966 babent
1129 2914 1237 2983 ditum,

195 3058 669 3124 (1.3.ς.1.1οεοοι·οιίοῐιο11111-
708 3065 982 3132 perditorum-est,
1017 3065 1100 3116 eiiam
1128 3065 1237 3120 Cacsar

143 3127 210 3197 itus]
231 3131 348 3182 01011.
367 3131 447 3181 Catil.
467 3135 501 3197 2,
520 3131 545 3182 5.
565 3129 668 3200 (s.1o)
710 3138 736 3184 li.
752 3136 772 3185 l.
786 3149 853 3185 usus
870 3136 987 3185 videtur.
1004 3137 1073 3187 Nam
1088 3139 1159 3197 quod
1171 3139 1238 3189 vui-

143 3201 171 3252 11
192 3213 231 3253 erc
252 3200 323 3252 orbe
344 3199 476 3252 coierint
500 3201 670 3266 desperato·
709 3215 745 3268 go
759 3203 981 3268 interpretantur,
991 3205 1036 3266 qui
1047 3207 1148 3255 nullom
1158 3219 1238 3272 spem

144 3283 214 3323 rom
237 3270 382 3321 bominum
406 3269 545 3335 tlopitiooi
566 3285 669 3338 propes
710 3272 844 3335 reliquam
870 3272 1001 3323 babentes
1024 3274 1092 3323 nibil
1115 3289 1168 3327 nou
1186 3289 1239 3327 au-

144 3343 172 3391 ct
185 3339 249 3394 ibid.
263 3344 281 3389 3
294 3337 335 3406 (S.
344 3335 376 3402 5)
394 3339 671 3392 coercitum-cot·
711 3343 809 3404 deant,
835 3343 863 3392 id
881 3344 1007 3393 fortunae
1027 3343 1132 3410 magis,
1157 3357 1239 3406 qoam

144 3411 302 3463 lectantem
316 3408 428 3459 sendus
442 3408 614 3473 desperatio,
632 3423 685 3475 etc¹
712 3409 820 3473 ingenio
850 3418 879 3463 oo
906 3413 1026 3463 moribus
1058 3413 1128 3465 vitio
1162 3415 1240 3467 verti

144 3480 257 3544 «presit
268 3478 392 3530 donorio
404 3479 456 3531 etc.
474 3490 534 3529 coin
549 3481 669 3530 ciusdem
711 3481 793 3532 solet.

144 3560 195 3612 pro
212 3550 293 3600 liosc.
311 3545 545 3612 Am.10(S.27)
562 3548 670 3614 hospiti
763 3547 809 3612 qul
833 3549 991 3614 negotiandi
1009 3563 1097 3602 causo
1113 3547 1151 3602 ibi
1169 3564 1240 3605 con-

120 3630 121 3635 *
145 3627 284 3680 oppresso
307 3616 367 3668 iam
393 3618 606 3685 desperatoque.
634 3617 669 3669 cb
711 3616 854 3681 stiterunt]
881 3623 958 3672 llaec
977 3622 1081 3689 verba,
1099 3633 1168 3685 quae
1187 3636 1241 3675 ea-

144 3685 272 3738 omna'buc
289 3689 318 3736 et
329 3685 357 3736 in
370 3687 427 3737 Pis.
442 3684 476 3735 41
496 3685 537 3753 (s.
551 3684 602 3753 99)
619 3687 669 3738 ab·
711 3689 773 3738 dein
791 3701 816 3738 c.
833 3688 885 3755 42,
903 3688 921 3740 4
937 3691 1081 3756 leguntur,
1107 3691 1153 3741 ubi
1174 3705 1243 3744 ser·

129 3754 262 3819 'tectum
281 3757 486 3822 contemptum,
504 3757 669 3821 despectum
711 3769 754 3808 mo
772 3759 816 3808 est
832 3759 1050 3809 mendacrum
1070 3761 1167 3823 oppido
1181 3762 1240 3812 ca-

143 3839 163 3877 o
181 3823 302 3888 ceteris,
319 3839 339 3875 o
357 3828 387 3877 te
404 3827 467 3891 ipso
482 3828 668 3891 desperatum
711 3826 829 3891 billono‚
862 3829 1008 3879 Diibuerus
1042 3829 1240 3892 interpretatur

55 3941 60 3954 ,
144 3894 176 3946 et
199 3895 382 3945 relictum—
396 3896 546 3947 videreta
570 3896 669 3956 cotun
712 3897 762 3961 qui
776 3894 1072 3960 c’ydtnientorritdc
1085 3899 1239 3951 donciani·

38 3972 50 4001 ·.
70 3994 73 4015 .
144 3962 216 4015 cidi.
233 3965 304 4014 unde
317 3964 434 4031 colligas
449 3966 603 4017 acicurone
616 3966 669 4018 de·
711 3980 823 4035 ooycpe
838 3980 916 4032 poor
933 3967 1052 4035 offoires
1069 3970 1105 4022 dc
1123 3967 1240 4032 ndpoce.

144 4035 279 4095 speratos
296 4033 508 4102 nominandici,
524 4035 669 4098 dequibus
712 4039 768 4086 Sed
786 4039 947 4089 consistere
966 4039 1080 4088 verbum
1100 4048 1191 4089 certae
1209 4049 1239 4090 ec

143 4102 214 4152 beno
228 4114 340 4166 sperare
352 4105 433 4155 'netas
448 4105 500 4166 sit3
518 4117 572 4170 qua
585 4105 672 4168 sigui·
713 4105 785 4159 fixae
803 4108 878 4158 sedis
902 4106 1126 4170 significationem
1146 4108 1238 4161 babet.

145 4170 275 4227 licatione
293 4185 347 4226 uou
366 4174 457 4226 aliona
473 4176 509 4227 ab
524 4175 583 4242 illu,
601 4186 671 4240 quae
713 4175 757 4229 Gt.
776 4177 852 4232 droti
869 4190 912 4242 ep.
930 4179 965 4230 od
984 4176 1041 4229 cic.
1058 4177 1137 4229 liam
1157 4178 1201 4243 11,
1220 4184 1245 4235 a,
