2700 4726
442 286 546 357 ΗΒ.
568 288 650 360 Vll.
670 340 673 345 -
697 286 818 401 CAP.
840 294 884 361 ⁷3
966 340 970 345 -
1122 301 1210 367 χ669

120 494 221 560 qurum
253 494 355 560 opera
386 484 503 542 nostre
525 477 618 544 Galli
647 484 779 545 tentore
808 490 910 565 atquc
933 483 1141 569 eruptionum
1166 507 1207 551 ex

118 561 242 648 oppido
274 562 431 648 pluribus
469 567 578 652 portis
613 588 745 633 summa
778 568 810 633 ui
839 570 951 634 iecere
986 571 1204 640 conabantur.

119 649 236 736 Quare
259 648 405 715 adhaec
430 673 553 720 rursus
573 676 674 740 opera
702 651 888 723 addendum
912 656 1039 724 Caesar
1059 661 1247 745 putavitt

117 759 186 823 qno
208 738 335 803 minore
355 760 494 806 nurnero
513 740 659 808 militum
681 743 884 810 munitiones
900 743 1031 810 defendi
1054 762 1202 832 possunt.
1227 806 1233 813 .
1269 788 1271 793 ·

116 825 239 912 ltaque
263 827 395 891 truncis
417 827 574 894 arborum
599 837 659 895 out
681 828 860 898 admodum
884 831 992 897 firmis
1016 835 1119 898 ramis
1144 836 1202 899 eb·

185 1016 242 1077 §.2
259 1014 321 1084 aut]
340 1019 443 1082 „bissi
462 1032 554 1071 omnes
571 1023 599 1070 et
617 1020 722 1079 mett.)
741 1022 839 1081 V(oss.
854 1024 902 1079 A.)
918 1023 992 1085 Lips.
1007 1023 1123 1073 Poliorc.
1136 1023 1202 1075 775⁶
1235 1054 1238 1059 -

147 1087 232 1137 Febr.
256 1086 315 1150 „ln
340 1087 477 1137 veteribus
496 1102 631 1140 consensu
656 1088 734 1155 fere,
760 1093 815 1142 ool
831 1093 1000 1155 admodum,
1026 1092 1116 1142 aiente
1137 1095 1201 1143 slve
1306 1146 1309 1151 ,

149 1155 304 1206 alternante
323 1163 385 1218 part
441 1153 495 1207 t.“
529 1158 605 1222 [ripe.
626 1158 743 1210 Poliorc.
768 1173 795 1222 p.
814 1160 856 1211 71.
884 1162 1002 1226 „sleplu
1019 1164 1048 1210 et
1065 1162 1114 1211 alil
1131 1174 1199 1212 nou·
1209 1180 1245 1235 s

150 1220 255 1274 nulli.“
290 1224 359 1274 noto
456 1227 497 1277 ud
519 1228 594 1286 (Pet.
613 1228 712 1286 conl.)
737 1240 831 1291 margo
855 1230 935 1281 Gotlr.
957 1232 985 1278 ll.
1004 1232 1065 1279 Ald.
1085 1231 1129 1280 ab.
1148 1231 1211 1287 Gr:
1316 1236 1319 1243 '

148 1295 192 1345 ab.
211 1294 297 1343 Vasc-
315 1296 354 1344 st.
396 1324 414 1345 s·
452 1307 496 1347 un·
514 1297 629 1356 (Fron.)
656 1300 734 1347 Turn.
751 1298 827 1360 Lips.
852 1294 995 1366 πελέκεων
1018 1293 1067 1354 eie
1083 1295 1200 1350 ἀσθενι-

149 1362 245 1429 seipse
263 1357 376 1417 „teitu
393 1354 543 1429 ἆποτεμῶν
559 1369 624 1416 Met·
649 1367 694 1428 qui
718 1367 746 1414 et
764 1367 823 1429 ipse
841 1368 920 1420 baud
942 1368 1012 1432 legit
1034 1371 1063 1418 el
1085 1367 1199 1418 truncis
1280 1410 1283 1417 ,

149 1446 199 1495 pro
216 1431 310 1481 dativo
327 1434 433 1495 accepit
450 1448 511 1484 cum
529 1435 683 1500 Glareano,
707 1436 753 1498 qul
776 1436 923 1487 Iucundum
949 1446 1060 1488 truncos
1077 1448 1130 1486 uon
1149 1438 1199 1506 etl-

146 1503 253 1551 modurn
270 1501 358 1551 firmis
380 1502 464 1554 ramis
486 1503 708 1568 interpretantem
733 1508 950 1570 reprebendens,
975 1507 1045 1568 quod
1065 1505 1199 1557 nocueris

148 1569 288 1636 omiserit,
312 1583 424 1636 „neque
440 1570 540 1623 enim“
562 1573 648 1637 inquit
674 1577 895 1639 „permanebant
918 1576 987 1625 romi
1009 1574 1125 1642 infirmi,
1149 1577 1199 1624 setl

148 1632 219 1690 firmi
248 1641 411 1701 manebunt,
440 1641 540 1692 lullrmi
569 1643 805 1695 abscindebantur.
814 1644 834 1674 “
874 1643 987 1707 Lipsius
1018 1644 1119 1695 retinet
1145 1645 1198 1695 out

148 1711 226 1776 „boc
250 1722 350 1773 sensu,
376 1715 406 1759 ut
429 1713 478 1760 aut
500 1713 612 1764 truncos
637 1713 712 1774 ipsos
731 1717 848 1763 totarum
865 1715 990 1766 arborum
1007 1716 1103 1774 captos
1120 1712 1198 1778 velit,

146 1781 194 1828 sed
212 1777 361 1840 iuniorum
378 1782 426 1830 aut
442 1782 470 1828 et
482 1781 612 1831 maiorum
625 1793 717 1833 ramos
730 1782 880 1848 firmiores,
898 1783 1020 1845 quicum
1036 1781 1089 1834 snt
1104 1782 1198 1833 sobole

144 1849 216 1897 idem
234 1849 422 1907 praestabant.
446 1849 504 1897 llos
522 1851 592 1900 eninr
610 1862 723 1912 sparsos
739 1855 767 1900 et
785 1853 819 1902 atl
831 1853 920 1902 latere
936 1854 1078 1902 exstantes
1095 1862 1197 1910 remos,

145 1914 261 1967 dolabra
277 1919 407 1979 aptabunt
424 1927 452 1965 et
468 1920 653 1969 exacuebant:
672 1920 742 1982 quotl
760 1919 788 1968 ln
805 1919 963 1982 quibusnam
981 1929 1105 1970 veterum
1124 1915 1195 1970 bene

144 1985 305 2037 delatratio
326 1986 442 2051 legitur,
467 1996 521 2037 non
543 1985 738 2039 Delitrotie.“
762 2001 875 2052 eumque
898 1989 1023 2053 leallger
1045 1993 1073 2038 et
1097 1989 1197 2051 reliqui

109 2094 113 2100 .
144 2054 265 2105 editores
290 2057 377 2104 secuti
400 2061 480 2120 sunt,
504 2068 540 2105 ex
558 2058 655 2122 qulbus
671 2057 739 2106 Oua.
763 2057 792 2106 ln
809 2059 884 2109 nullo
907 2060 1000 2107 colice
1019 2070 1069 2108 suo
1086 2060 1196 2108 exstare

143 2125 223 2176 baud
248 2130 373 2174 testatur.
408 2125 503 2187 Neque
527 2138 578 2190 ego
601 2136 716 2188 usquam
741 2126 872 2188 scriptum
897 2125 1197 2186 inviolentaccep13

144 2195 194 2244 sed
213 2190 295 2246 Vrat.
313 2195 345 2242 Δ.
364 2206 399 2243 ne
416 2195 469 2244 out
486 2194 592 2255 quidem
608 2196 708 2262 babet,
733 2195 814 2258 idque
830 2194 1010 2256 Nipperdeius
1034 2195 1116 2246 etiarn
1136 2197 1197 2242 sine

144 2261 284 2313 codicibus
302 2263 443 2313 delendum
462 2264 570 2335 censuit
585 2272 740 2328 propterea,
755 2264 826 2327 qnod
840 2264 916 2314 inira
929 2265 964 2313 ab
982 2264 1065 2314 rumis
1078 2261 1196 2313 eminere

143 2331 254 2394 stipites
277 2332 421 2396 dicantur,
441 2343 510 2395 quos
532 2335 623 2384 tamen
640 2344 733 2384 ramos
750 2333 877 2384 babuisse
895 2344 980 2395 supra
997 2344 1048 2382 non
1067 2332 1104 2381 sit
1119 2341 1197 2391 com-

144 2403 330 2452 memoratum.
362 2401 421 2466 „ltl
437 2398 532 2452 reru“
547 2402 634 2467 inquit
651 2402 935 2467 „commemorandum
952 2406 1012 2452 erst
1027 2401 1198 2466 necessario,

143 2484 204 2520 cum
223 2471 250 2520 in
266 2469 301 2519 iis
316 2471 420 2533 ramis,
437 2471 483 2533 qni
500 2471 669 2536 eminebant,
684 2475 742 2523 tota
759 2471 802 2520 rei
818 2471 889 2522 ratio
907 2473 1075 2521 verteretur:
1090 2469 1198 2533 reliqua

144 2540 216 2607 enim
234 2539 338 2601 stipitis
356 2552 421 2600 pars
440 2547 515 2593 terru
531 2538 733 2593 obruebatur-‘⁶
768 2540 800 2590 ld
817 2550 886 2588 vero
902 2548 955 2589 non
972 2541 1060 2602 tnagis
1077 2550 1197 2589 comme-

145 2612 278 2660 moratum
297 2622 349 2658 nec
375 2620 424 2667 per
442 2623 472 2659 se
490 2611 640 2661 verisimile
658 2612 718 2672 est;
748 2621 834 2672 neque
859 2607 928 2659 rami
947 2609 1095 2658 eminentes
1121 2609 1198 2674 cippi

146 2677 281 2741 appellari
303 2690 321 2727 a
334 2678 486 2742 militibus,
510 2691 597 2743 neque
621 2679 658 2743 ii,
681 2678 726 2743 qui
745 2690 777 2728 eo
801 2678 1008 2741 intraverant,
1033 2678 1145 2728 induere
1164 2692 1197 2728 se

145 2749 231 2799 uallis
256 2746 422 2796 acutissimis
449 2745 502 2796 dici
525 2759 543 2798 e
568 2748 700 2809 scriptore
728 2746 850 2808 potuisse
873 2746 1005 2797 vitientur.
1046 2746 1197 2798 Praeterea

144 2831 198 2869 non
221 2824 352 2881 apparet,
379 2828 430 2865 cur
453 2815 607 2868 admodum
626 2816 713 2868 firmis
736 2815 821 2867 ramis
842 2816 930 2866 trunci
954 2816 993 2865 illi
1018 2818 1064 2866 vel
1083 2818 1196 2868 arbbres

109 2999 166 3052 quo
186 2986 294 3050 longius
313 2984 353 3037 illi
371 2984 512 3050 progressi
528 2986 633 3051 essent,
675 2985 743 3035 falls
761 2985 831 3034 ‹loclr
849 2985 1196 3050 infestaeincestae

109 3072 144 3109 eo
158 3055 259 3106 diutius
272 3057 300 3105 lri
311 3056 415 3106 auxillo
428 3067 521 3106 eorum
535 3067 634 3107 curere
676 3067 728 3105 nur
744 3054 789 3103 (lie
804 3055 916 3105 nulelnt
932 3056 1075 3104 erwalrnte
1091 3053 1197 3117 Arbeit,

109 3127 290 3189 cogebantur.
323 3125 419 3186 ltaque
433 3127 500 3174 baec
511 3123 552 3173 sic
566 3135 634 3174 ver·
676 3126 727 3174 aas
740 3124 839 3174 tantos
848 3121 1109 3187 montembellum,
1122 3121 1197 3172 nicht

110 3197 195 3246 tende
225 3199 303 3246 sunt:
343 3195 395 3250 tob
420 3193 636 3264 itottptotutissttit
677 3194 746 3243 uber
760 3195 811 3243 das
828 3194 985 3243 materiari
997 3195 1050 3241 und
1063 3193 1216 3257 frumen-¹

108 3264 253 3334 pleidtpeitip
275 3261 332 3327 teob
353 3264 417 3333 ἱροῖς
434 3265 485 3319 out
504 3263 563 3329 uod)
585 3265 636 3319 (be
677 3261 742 3314 tari
761 3263 816 3323 ,uui
835 3261 1076 3341 illese-deminuti
1100 3259 1198 3310 nostri

112 3335 189 3389 tttibt
207 3334 366 3403 obstupittptu
385 3335 435 3389 uttb
454 3334 480 3400 to
498 3334 636 3401 gtoitilit:
678 3334 751 3396 gelrt.
787 3330 838 3381 Die
860 3342 958 3392 copiae
981 3333 1122 3396 dagegeu,
1145 3341 1197 3379 um

111 3402 265 3472 festiguussot
282 3417 312 3471 po
330 3403 492 3472 teotbeibiptn
509 3402 635 3469 {dimititte
679 3402 821 3451 welcue
848 3401 892 3449 die
917 3401 1013 3450 nostri
1038 3401 1106 3474 eben
1130 3410 1197 3448 ver·

111 3473 197 3537 uuittt
215 3474 348 3540 trepton,
375 3476 446 3527 betto
466 3471 581 3539 tostire
603 3470 636 3536 fit
678 3471 784 3533 ringert
817 3469 894 3548 sinti,
937 3470 996 3517 sind
1033 3467 1197 3548 ‹llepenigen1

111 3543 196 3597 totittt
221 3555 269 3597 oon
301 3545 345 3596 ben
368 3544 461 3609 eaput
487 3542 635 3606 ectittuteu.
679 3553 753 3604 quoe
765 3538 940 3591 materanos
952 3541 981 3590 et
994 3535 1197 3603 frumentando

111 3611 299 3663 Memorabilis
321 3614 355 3660 ob
379 3613 510 3660 infantiae
534 3620 636 3675 notam,
678 3622 767 3660 causo
796 3608 910 3674 lonqiua
932 3609 966 3657 ab
991 3606 1100 3656 castris
1123 3619 1197 3671 pro·

111 3695 194 3743 quam
211 3680 338 3743 scriptori
354 3679 447 3743 inurit,
465 3680 574 3730 (lelrleri
591 3680 635 3728 in·
677 3678 893 3746 premebantur.
925 3677 1045 3725 Eandem
1062 3676 1197 3737 interpre-

110 3751 274 3812 terpretatio
302 3753 363 3815 est,
401 3753 446 3812 qui
477 3748 635 3801 deminutis
677 3749 805 3800 tutionem
834 3745 990 3795 dubitanter
1021 3748 1199 3808 proposuerat

110 3821 225 3871 nostris
248 3821 310 3870 sive
328 3820 417 3869 dativi
439 3819 501 3870 sire
520 3816 635 3869 ablativi
676 3818 838 3880 nippertus:
870 3813 965 3880 copiis
992 3813 1098 3865 sclreint
1125 3815 1198 3866 niebt

112 3891 187 3955 sint,
206 3891 375 3952 separandos
395 3891 430 3940 ab
447 3887 535 3952 copiis
556 3889 636 3936 docet
677 3900 730 3938 zur
769 3884 1120 3947 Panicipialkoustrulrtion
1158 3897 1199 3935 na

112 3960 157 4010 bis
175 3960 284 4010 verbis:
304 3960 343 4010 0b
355 3959 511 4011 deminutis
525 3956 635 4006 nostris
654 3996 659 4006 .
677 3955 813 4022 gebbren3
831 3958 948 4005 sontlern
964 3963 1022 4007 eret
1035 3967 1088 4006 von
1104 3954 1197 4007 demi-

113 4032 158 4080 als
181 4041 235 4083 von
260 4041 375 4082 necesse
400 4032 445 4080 est
469 4026 637 4090 abbbngiger
678 4025 758 4077 nutu
777 4026 966 4090 abzubltngen.

112 4099 198 4151 llatlv
214 4102 279 4150 oder
296 4101 366 4149 euclr
384 4100 428 4148 als
445 4094 567 4149 Ablativ.
586 4097 636 4146 ab·
733 4096 914 4158 conabantur]
943 4092 988 4146 Gi.
1011 4094 1074 4146 adn.
1099 4105 1138 4144 cr.
1162 4090 1198 4141 atl

110 4170 220 4222 solutus
232 4170 341 4236 gelasst
353 4167 434 4237 wiri,
448 4180 481 4221 so
492 4166 529 4219 iso
538 4163 638 4232 jelen·
681 4167 718 4231 2,
737 4167 770 4216 12
788 4163 816 4227 S.
833 4165 860 4215 2.
