2700 4726
395 299 497 370 cru.
520 298 602 370 vu.
645 297 761 377 car.
786 303 833 375 ca
1098 297 1166 366 εει
1261 262 1263 269 ’

78 505 206 575 necque
237 484 319 553 belli
352 487 492 572 gerendi
521 490 754 560 communicet.
799 490 850 557 ue
879 489 1059 578 impetrata
1087 487 1208 569 con-6¹
1312 498 1322 521 ⁶

79 575 236 653 tondunt,
259 580 299 639 ut
319 575 406 662 ipsis
428 598 558 644 summa
579 579 714 668 imperii
737 579 903 659 tradatur,
924 583 960 642 et
980 596 1018 641 re
1038 575 1073 638 in
1088 594 1167 638 con·

78 659 279 729 troversiatn
317 660 464 728 deducta
494 668 602 732 totius
636 664 769 734 Galliae
797 666 975 732 concilium
1004 660 1166 727 Bibracte

79 750 256 820 indicitur.
308 747 519 819 Conveniunt
546 752 695 841 undique
721 755 926 843 frequentas.
974 745 1210 816 Multitudi-ii

149 957 177 1026 §.
196 953 212 1005 5
234 955 264 1003 et
279 967 310 1004 re
328 954 357 1008 in
372 960 587 1010 controversiain
603 959 732 1019 deducta]
757 961 787 1010 et
806 970 857 1009 out.
877 957 927 1009 (ix.
946 957 1021 1008 Leid.
1039 958 1073 1006 A.
1095 955 1167 1005 llsv.

114 1029 148 1077 A.
169 1019 247 1073 Vind·
266 1021 298 1074 Α.
315 1028 346 1077 et
362 1039 426 1078 rem
443 1029 473 1079 in
491 1041 516 1084 c.
535 1029 640 1080 deduci
657 1030 753 1095 „ilisa
772 1024 828 1079 10“
848 1027 933 1077 Voss.
948 1030 981 1082 Α.
999 1027 1078 1089 ligio.
1092 1026 1167 1074 Gott.

112 1096 184 1147 Lau.
210 1093 293 1156 Boug·
317 1097 352 1147 A.
378 1096 442 1147 Par.
467 1096 501 1148 Α.
525 1099 574 1148 Dr.
596 1100 653 1149 AB.
682 1094 758 1148 Vrat.
783 1095 859 1147 ABG.
885 1096 966 1146 uoti.
987 1097 1043 1144 Ali.
1070 1094 1167 1144 Humb.

115 1165 168 1219 Gn,
186 1161 268 1211 vind.
287 1162 341 1213 ltu.
357 1163 411 1215 inc.
428 1168 459 1218 et
475 1179 525 1217 res
540 1167 571 1216 in
589 1167 792 1218 controversia
810 1165 965 1216 deducitur
985 1166 1066 1225 liong.
1083 1160 1116 1212 0.
1132 1173 1167 1211 ac

114 1229 270 1284 deducitur
289 1231 372 1282 etiarn
392 1233 420 1284 in
437 1235 519 1286 Vind.
538 1233 586 1301 0.,
609 1237 712 1288 deduci
728 1236 758 1285 in
779 1234 861 1285 Viud.
882 1234 948 1298 lul,
973 1232 1002 1282 ln
1020 1231 1079 1282 Pal.
1099 1242 1168 1282 vero

113 1299 233 1363 reduci,
251 1301 279 1348 et
293 1304 499 1355 controuersia
518 1306 600 1354 etiarn
617 1306 644 1355 in
665 1305 748 1356 Vind.
768 1306 799 1353 l).
825 1305 944 1354 bionna.
962 1303 1031 1352 llled.
1050 1312 1076 1350 a.
1096 1299 1167 1348 ven.

115 1371 195 1421 bcde.
215 1366 278 1419 Aio.
296 1380 322 1420 a.
341 1371 451 1434 legitur.
486 1371 607 1436 Vulgata
625 1375 708 1426 lectio
725 1385 743 1423 u
760 1372 897 1423 codicibus
915 1382 969 1423 non
986 1370 1057 1421 satis
1076 1373 1165 1432 certa,

115 1440 165 1490 sed
183 1438 278 1489 melior
292 1441 454 1491 certioribus
472 1443 644 1509 obtulisset,
660 1447 690 1492 ut
705 1440 930 1505 acquiescendum
940 1439 969 1490 in
982 1451 1016 1490 ea
1029 1439 1077 1490 vid
1158 1472 1167 1488 .

116 1509 160 1560 Gi.
181 1502 243 1564 Ciu.
263 1509 291 1568 3,
309 1512 343 1559 26
357 1508 384 1570 s.
402 1513 437 1562 2:
454 1524 544 1563 naues
561 1524 599 1562 ec
616 1515 708 1575 portu
724 1509 833 1575 educit,
851 1515 880 1562 et
898 1522 964 1559 cum
981 1508 1040 1559 inm
1055 1504 1124 1559 nost

116 1576 440 1641 -upurouinquussent
457 1581 512 1645 (sc.
528 1574 641 1650 naves),
657 1580 733 1632 idem
750 1583 853 1632 auster
870 1578 1021 1630 increbuit.
1058 1578 1089 1628 ln
1104 1575 1169 1625 beili
1207 1605 1209 1615 ·

114 1648 205 1697 tamen
223 1645 325 1696 Gallici
349 1645 557 1702 commentariis
580 1651 696 1702 alterurn
720 1651 750 1701 et
774 1650 888 1712 copulae
907 1648 1059 1710 exemplum
1077 1645 1171 1698 buius-

115 1714 187 1766 1uodi
198 1714 260 1763 'non
280 1716 399 1766 invenio·
1187 1765 1190 1774 ,

151 1783 178 1844 S.
191 1786 209 1831 6
223 1779 404 1851 Conveniunt]
423 1783 651 1851 „Vrs.Cu.01.“
669 1787 742 1837 nav.
751 1788 784 1836 Α.
799 1785 881 1837 Vind.
889 1787 921 1835 A.
941 1795 966 1838 c.
980 1783 1079 1836 eodem
1093 1781 1169 1834 held.

116 1850 152 1903 A.
170 1851 269 1902 eodem
282 1865 306 1906 c.
325 1866 387 1904 cum
405 1855 518 1917 reliquis
532 1855 671 1906 codicibus
684 1856 743 1905 edd.
758 1866 861 1916 omnes,
878 1854 948 1917 quod
959 1855 995 1903 ab
1009 1853 1171 1914 optimorum

117 1921 279 1982 scriptorum
298 1923 326 1970 et
343 1923 378 1971 ab
396 1921 528 1974 Caesaris
544 1937 604 1984 usu,
623 1924 712 1986 quelis
732 1936 793 1972 curn
812 1922 888 1988 aiibi,
906 1931 964 1973 tum
982 1922 1008 1989 5,
1027 1920 1044 1971 5
1062 1920 1090 1981 S.
1108 1925 1126 1971 3
1142 1922 1171 1968 et

116 1995 151 2056 6,
179 1987 242 2049 48.
261 1992 277 2040 5
295 1991 430 2055 cernitur,
450 1994 587 2043 abhorret.
620 1994 741 2043 Eundem
756 1991 827 2041 enirn
848 1991 876 2039 in
893 1993 1000 2057 locum,
1024 1991 1068 2054 qui
1086 1999 1172 2052 snpra

116 2060 316 2109 demonstratus
339 2065 399 2124 est,
430 2073 515 2123 neque
541 2063 571 2111 in
595 2063 678 2112 aliurn
695 2061 766 2110 alios
790 2061 837 2110 aut
860 2070 953 2109 omnes
974 2061 1011 2108 ad
1026 2057 1171 2108 concilium

117 2131 233 2178 vocatos
253 2128 415 2178 convenisse
435 2142 483 2190 per
500 2141 531 2179 se
546 2131 651 2192 liquet3
669 2130 704 2179 de
721 2128 786 2179 aliis
803 2130 893 2178 autent
910 2139 964 2176 nou
983 2127 1106 2190 vocatis,
1123 2126 1172 2190 qui

117 2198 219 2264 eodem,
235 2209 286 2257 quo
303 2196 356 2262 illi,
375 2200 570 2265 convenerint,
588 2198 617 2248 iu
634 2197 726 2249 totius
742 2197 851 2248 Galliae
869 2195 985 2246 concilio
1002 2197 1104 2246 indicto
1121 2207 1171 2245 co·
1224 2230 1226 2235 -

117 2266 200 2330 gitari
217 2278 272 2316 uon
291 2269 388 2328 potest.
423 2268 516 2330 Neque
532 2270 667 2318 factorum
681 2265 859 2332 congruentia
872 2266 925 2315 loci
938 2265 1072 2316 adverbio
1084 2262 1172 2325 notuit

117 2333 284 2398 significari,
315 2335 343 2384 iu
368 2346 447 2396 quam
466 2337 629 2387 seutentiam
646 2336 694 2390 Fr.
713 2339 875 2400 Wagnerus
892 2335 992 2385 vertit:
1019 2360 1052 2372 -
1070 2335 1172 2389 ttutbtn

118 2405 165 2458 olle
182 2403 305 2470 qubiiobeu
320 2404 421 2460 <bittit
441 2404 498 2468 norb
513 2403 633 2462 tibuunt
650 2405 761 2472 butten.
797 2403 871 2470 ibitis
888 2404 978 2469 leuben
994 2401 1038 2469 tid)
1056 2403 1114 2469 tud
1131 2405 1173 2458 boz

119 2469 252 2539 [sibilent
272 2475 334 2528 uben
353 2473 437 2529 iulet
454 2473 549 2544 biuidq
568 2475 614 2530 dn.
649 2474 758 2526 omisso
777 2483 843 2523 uero
861 2473 994 2524 adverbio
1013 2485 1066 2523 non
1085 2472 1199 2534 megin

118 2543 261 2604 quicquam
286 2542 472 2609 conderetur,
502 2556 582 2606 quam
604 2541 639 2608 4,
667 2544 704 2596 27
723 2543 752 2606 S·
768 2541 787 2595 7
803 2542 831 2591 in
850 2540 945 2591 verbis
967 2541 1174 2607 principesque

118 2610 246 2676 undique
268 2613 634 2675 conuenire—coeperunt.
669 2613 705 2663 itt
727 2612 919 2685 interpolatum
938 2612 1046 2662 videtur
1064 2612 1099 2662 ab
1119 2610 1176 2662 all·

119 2691 187 2743 quo,
213 2679 259 2741 qui
276 2681 448 2747 frequentes
463 2681 683 2747 multitudines,
711 2691 781 2744 quas
798 2680 907 2730 codices
925 2680 1021 2731 deinde
1036 2680 1183 2744 exhibent,-

121 2751 249 2799 diversas
279 2761 296 2799 e
318 2749 485 2811 principibus
505 2752 539 2800 ad
558 2751 701 2801 concilium
718 2747 827 2799 vocatis
847 2757 964 2810 nutaret.
1000 2749 1125 2800 ceterum
1143 2734 1173 2798 l'n

121 2818 220 2868 eodem
244 2816 390 2867 offendisse
407 2818 461 2868 iam
479 2819 664 2870 Hotomannus
682 2817 808 2882 videtur,
835 2817 882 2881 qul
900 2818 1093 2882 invulgatum
1110 2824 1175 2867 ante

119 2886 241 2948 Lipsium
259 2886 404 2938 lectionem
422 2889 592 2955 frequentes
608 2887 818 2940 multitudines.
836 2885 986 2954 suffraqiis
999 2889 1069 2938 banc
1082 2888 1174 2936 notam

86 3084 122 3122 ne
140 3070 250 3123 obsides
268 3085 360 3126 omues
379 3072 439 3124 sine
455 3072 612 3125 discrimine
654 3075 714 3124 dem
728 3072 901 3139 significatio.
931 3075 972 3123 Ac
982 3072 1097 3134 possunt
1109 3072 1179 3122 baec

87 3143 262 3192 obtruncatos
279 3152 421 3208 putemus,
439 3156 493 3206 qus
508 3157 539 3193 re
557 3155 612 3194 nou
654 3141 746 3195 omnia
770 3144 833 3193 iude
857 3156 876 3195 a
901 3143 1006 3206 petunt
1029 3153 1115 3204 nsque
1142 3141 1179 3191 ad

88 3218 143 3260 tam
175 3219 307 3262 terrorem
333 3211 516 3263 dubitantibus
540 3212 612 3262 inie-
654 3212 843 3264 contmunteet
866 3213 915 3262 vei
936 3218 1014 3261 orata
1037 3209 1180 3272 elegatis

88 3280 204 3345 cissent,
222 3293 301 3342 quarn
319 3283 410 3335 odium
427 3283 455 3332 iu
473 3295 504 3334 se
522 3281 611 3333 omui·
653 3282 702 3331 uel
734 3280 761 3331 in
796 3280 898 3332 litteris
933 3277 1042 3343 publice
1075 3279 1180 3341 scripta

88 3361 133 3399 um
162 3350 356 3401 concitassent.
401 3351 443 3400 De
474 3351 613 3404 nonnullis
652 3348 752 3413 putari.

88 3427 157 3467 vero
181 3428 210 3468 et
228 3430 323 3469 earum
340 3418 510 3487 civitatium,
541 3431 611 3483 quas
704 3418 880 3479 rationesque
898 3417 967 3468 belli
981 3413 1094 3478 gerendi
1106 3426 1181 3465 mm·

87 3487 195 3537 frustra
230 3486 444 3555 sollicitassent,
479 3498 614 3552 sumptum
655 3488 786 3548 munitet]
806 3487 1032 3551 comparantboc
1047 3497 1107 3534 cum
1121 3483 1179 3547 illo,

89 3556 252 3618 supplicium
277 3559 311 3606 ad
328 3560 469 3609 terrendos
486 3560 615 3610 dubitan·
655 3558 727 3621 quod
745 3560 781 3623 6,
801 3559 818 3607 ²
838 3559 866 3621 s.
883 3557 900 3605 3
919 3553 1035 3618 legitur,
1057 3555 1181 3604 senones

88 3628 133 3676 tes
154 3638 247 3675 omnes
268 3627 338 3676 baud
356 3627 434 3676 dubie
451 3628 514 3690 plus
532 3629 615 3679 uale—
655 3629 691 3678 ad
707 3627 866 3686 imperatum
885 3636 940 3675 nou
956 3621 1054 3673 venire
1071 3624 1100 3672 et
1119 3635 1181 3674 cum

89 3695 147 3758 bat,
166 3707 246 3757 quain
263 3694 455 3746 denuntiatum.
658 3691 824 3746 Carnutibus
848 3692 1032 3754 finitumisque
1056 3691 1180 3743 evitati-

141 3761 168 3822 S.
192 3762 211 3814 4
237 3761 357 3830 Haedui]
386 3765 483 3839 Auditi
497 3764 615 3815 nominis
657 3766 707 3815 bus
724 3764 843 3815 consiliu
858 3761 1053 3814 communicer
1115 3773 1182 3812 vet·-

88 3832 161 3884 ratio
179 3833 276 3882 similis
295 3836 340 3882 est
357 3833 398 3895 ei,
430 3846 510 3895 quarn
526 3834 556 3883 in
572 3836 616 3885 le·
655 3835 770 3897 tuutque
805 3832 1018 3902 qemeinidtcftit'tb
1054 3830 1180 3900 bttutbttt,

88 3901 152 3968 quti
169 3901 297 3954 Heluetii
315 3903 348 3968 1,
361 3901 400 3953 ‘14
415 3903 442 3964 S.
460 3901 616 3954 iiortasse
657 3916 745 3967 neque
767 3902 794 3952 id
818 3904 925 3965 ineote3
946 3903 1005 3953 sed
1028 3898 1183 3963 comparari

90 3970 215 4023 obtinere
240 3973 495 4023 demonstravimus.
534 3971 616 4023 certe
658 3971 741 4021 etiam
763 3984 823 4021 cum
848 3970 882 4037 t,
914 3971 948 4020 13
974 3969 1001 4030 S.
1022 3966 1041 4019 l
1062 3969 1182 4020 consilio

88 4052 143 4090 non
169 4042 229 4090 sine
254 4039 359 4091 ratione
382 4043 417 4092 ad
434 4043 571 4091 nituntur
588 4048 617 4091 et
657 4053 722 4092 cum
745 4041 850 4106 leqatie
875 4042 904 4091 et
927 4040 1081 4106 quaestore
1104 4050 1182 4089 cout-

88 4109 235 4160 territunt
253 4111 355 4160 omissa
373 4117 402 4161 et
419 4111 455 4161 ad
472 4112 578 4174 petunt
597 4124 617 4162 o
658 4111 803 4161 muniunto
827 4111 857 4159 et
873 4111 947 4160 verti
963 4113 1054 4172 polest
1072 4104 1181 4173 mittique

89 4179 327 4247 Vercinqetoriqe
339 4179 448 4232 adiecta
460 4189 505 4232 est
516 4192 616 4234 eorun-
657 4180 708 4258 ¹i¹¹t
727 4181 798 4247 quod
809 4179 903 4232 nescio
919 4192 970 4233 cur
982 4177 1072 4232 nnus
1086 4177 1183 4240 probet
