2700 4726
205 297 273 365 ooo
464 292 539 362 nn
566 290 752 391 nunno
783 287 1039 381 cunnrco

206 486 402 565 angustum,
427 503 492 568 qua
512 488 604 548 essct
627 432 739 545 aditus
762 477 806 544 ed
830 480 970 546 alteram
994 482 1125 566 partein
1148 477 1286 566 oppidi:

162 569 183 637 4
206 569 415 634 vehementer
435 571 511 634 huic
532 570 611 635 ilios
635 571 709 634 loeo
728 566 847 633 tinicre
866 589 925 631 nec
944 569 1010 631 iarn
1032 566 1133 631 aliter
1148 569 1288 650 sentire,

204 678 269 722 nno
293 659 378 722 colle
400 657 440 722 nb
464 656 625 722 Romanis
647 661 828 744 occupato,
856 656 887 721 ai
911 652 1054 719 altarum
1079 653 1286 738 amisissent,

238 849 268 896 n.
286 848 363 896 Rom.
381 857 406 899 a.
427 847 496 896 Med.
515 857 541 896 a.
565 847 634 896 Ven.
651 845 739 898 bcdei.
757 846 819 895 Ber.
838 844 899 893 nid.
918 845 963 894 ab.
983 841 1031 892 Gr.
1048 855 1075 893 a·
1091 843 1122 892 P.
1142 846 1217 896 Man.
1235 846 1288 896 rii-

236 918 336 968 vcctre
362 917 433 965 llav.
451 920 483 965 A.
507 916 588 965 vind.
606 917 639 965 Α.
658 915 693 964 Ν.
707 914 794 967 Vasc.
812 914 850 964 St.
870 914 919 962 Gr.
938 913 963 961 b.
983 911 1096 971 (lircil.)
1113 914 1192 964 Torr.
1211 915 1288 979 liips.

237 997 294 1048 sqq.
314 984 358 1046 qui
376 996 468 1034 omnes
487 985 663 1035 masculinum
682 984 764 1034 dorsi
783 981 899 1033 nominis
918 993 1004 1042 genus
1024 981 1187 1049 domitasse,
1205 996 1288 1036 nnnrn

235 1056 368 1114 probasse
385 1055 507 1103 neutrum
528 1055 662 1102 videntur.
696 1052 799 1102 (lotura
816 1051 998 1111 Glandorpins
1017 1062 1070 1100 non
1088 1052 1201 1102 novisse
1218 1066 1288 1104 neu-

237 1126 309 1173 trum
335 1122 460 1186 videtur,
492 1121 516 1171 si
540 1124 645 1184 quidem
664 1123 699 1171 ad
717 1122 806 1170 verba
823 1116 954 1169 Dorsum
973 1131 1034 1170 ecoe
1050 1119 1111 1170 eine
1131 1121 1193 1187 topi
1212 1125 1290 1185 baec,

237 1204 308 1254 quae
329 1191 519 1248 langermanni
539 1193 652 1252 sylloge
670 1191 788 1254 exhibet,
807 1190 970 1250 adscripsit:
988 1189 1157 1255 „Veteribus
1174 1191 1290 1242 diceba·

237 1271 282 1310 tur
301 1261 407 1310 dorsus
433 1261 461 1310 in
484 1272 584 1318 genero
607 1260 756 1310 masculino
775 1268 802 1307 et
820 1258 971 1307 foeminino.
1005 1257 1118 1307 Plautus
1135 1259 1163 1308 in
1179 1261 1287 1312 Milite:

235 1331 330 1380 Timeo
348 1328 417 1391 quid
436 1341 538 1379 rerum
556 1329 716 1395 perecrini,
747 1329 791 1378 ita
807 1327 913 1377 dorsus
929 1328 992 1377 tota
1006 1324 1148 1390 prurit-‘⁶
1184 1330 1288 1380 sedin

235 1399 325 1449 Plauti
342 1397 478 1447 codicibus
496 1398 604 1459 optimis
624 1397 680 1447 Mil.
699 1397 767 1458 glor.
782 1399 806 1449 2,
826 1397 844 1444 4
861 1409 888 1444 v.
904 1392 941 1444 44
959 1397 1058 1459 tegitur
1074 1396 1181 1448 dorios
1195 1400 1288 1463 totos,

234 1470 314 1530 idque
339 1479 357 1517 a
380 1468 467 1516 Nonio
491 1482 515 1529 p.
536 1469 588 1518 137
606 1467 679 1515 Gerl.
699 1466 883 1514 confirmatum
901 1468 930 1513 et
948 1469 1080 1517 retentum
1099 1477 1118 1516 a
1134 1467 1288 1521 nnscbeno

235 1535 338 1586 suflicit
363 1537 397 1585 ad
430 1536 557 1585 librorum
584 1535 770 1585 auctoritatem
798 1537 821 1583 b.
850 1534 868 1583 l.
898 1535 1032 1583 tuendam.
1077 1537 1287 1588 nocentioribus

235 1609 356 1658 dorsum
380 1605 467 1667 inagis
493 1604 642 1665 placuerit:
671 1605 705 1651 de
729 1601 859 1653 Caesaris
883 1602 994 1664 eiusque
1020 1603 1121 1653 aetatis
1146 1620 1199 1659 nso
1219 1606 1287 1657 nibil

235 1682 358 1730 constat,
389 1685 478 1734 nequo
505 1674 576 1734 apud
602 1672 710 1721 Livium
734 1680 780 1723 ant
800 1670 921 1719 Taciturn
940 1671 1059 1722 discerni
1077 1686 1164 1735 genus
1184 1683 1286 1738 potent.

232 1743 323 1808 (Quod
342 1742 496 1804 ilerzogius
515 1742 565 1804 pro
583 1742 733 1791 masculino
749 1740 815 1791 citat
829 1740 961 1789 Prisciani
978 1740 1163 1794 testimonium
1181 1759 1206 1807 p.
1223 1744 1285 1812 198,

232 1813 261 1862 id
284 1824 318 1860 ex
341 1811 487 1860 Krcbliano
513 1810 602 1859 indice
621 1809 733 1871 petiisse
749 1810 876 1858 ‚vincture
908 1822 926 1857 a
945 1810 1113 1870 nequidem
1130 1824 1219 1878 necno
1236 1814 1286 1866 illo

233 1893 319 1944 neque
337 1882 391 1929 alio
409 1881 468 1928 loco
489 1880 588 1929 dicturu
605 1891 622 1929 a
640 1879 782 1929 Prisciono
801 1877 940 1928 inventum
958 1873 1024 1943 est.)
1168 1893 1179 1901 ’
1238 1892 1241 1897 ·

267 1950 333 2011 qua]
350 1960 402 2010 qne
421 1961 480 1998 curu
499 1963 518 1997 c
536 1961 618 2008 super
636 1961 652 2000 e
669 1948 752 1996 Voss.
772 1951 804 1996 Α.
823 1946 905 1996 Fabr.
925 1946 974 2010 qui
990 1949 1024 2002 B.

265 2020 369 2082 partem
389 2015 490 2082 oppidi]
508 2030 534 2066 o.
546 2031 574 2079 p.
590 2015 639 2067 Cn.
658 2019 706 2075 ide
725 2029 777 2077 qno
794 2019 868 2065 tacet
879 2013 980 2078 Febr.)
994 2016 1044 2065 01.
1059 2015 1139 2067 Leld.
1154 2018 1189 2067 A.
1203 2018 1284 2070 vind.

230 2090 265 2139 A.
281 2087 351 2149 dud.
366 2087 527 2150 (Wbittiuru
546 2100 570 2135 u.
589 2100 617 2149 p,
637 2098 671 2134 ex
682 2087 753 2136 llav.
768 2088 800 2135 A.
813 2085 968 2135 afferentem
983 2086 1188 2148 Gottorpiensls
1206 2089 1286 2139 codi-

231 2157 273 2207 cis
301 2155 406 2217 signum
430 2152 481 2220 (B)
513 2167 562 2217 pro
592 2155 760 2205 llavniensis
786 2158 820 2205 A.
848 2151 925 2217 signo
948 2147 1003 2220 (A)
1027 2166 1129 2218 ponere
1159 2158 1285 2209 voluisse

231 2239 279 2274 sus
299 2224 378 2281 icor.)
877 2274 880 2279 ,
1121 2267 1124 2273 ,

263 2239 333 2351 spi
366 2295 538 2342 veliementer
561 2292 624 2341 huic
647 2291 711 2342 illos
735 2289 810 2358 loco]
839 2291 867 2340 n.
887 2291 907 2340 i.
926 2304 954 2341 n.
974 2290 993 2341 i.
1013 2289 1063 2340 Cu.
1082 2292 1133 2344 ox.
1154 2293 1231 2343 Leid.
1249 2290 1284 2343 Α.

229 2363 303 2411 flav.
317 2360 349 2409 Α.
366 2362 447 2412 vind.
461 2367 495 2412 A.
512 2363 579 2412 dud.
598 2360 785 2427 (coenem.-
801 2362 874 2411 bled.
888 2372 914 2410 a.
928 2360 1100 2412 oebaent.—
1119 2362 1186 2411 ven.
1195 2361 1287 2430 bede.)

1234 2436 1238 2461 i

192 2500 251 2565 iugi
262 2499 384 2549 eiusdem
398 2496 478 2546 collis
492 2498 565 2559 erat,
580 2496 657 2546 cuins
672 2495 717 2547 hic
757 2497 793 2546 ad
812 2459 890 2546 iilum
912 2497 1004 2549 lacurn
1026 2498 1203 2549 muniendum
1222 2501 1285 2552 tra-

193 2573 293 2622 dorsus
317 2567 492 2616 describitur.
534 2561 565 2613 ln
590 2577 644 2627 qua
665 2566 714 2614 de·
756 2566 931 2619 ducerentur.
967 2567 1091 2633 θῇσιν.
1110 2570 1137 2632 n,
1156 2567 1192 2619 45
1207 2566 1235 2629 8.
1252 2572 1280 2636 3,

192 2630 345 2699 scriptione
371 2635 487 2697 prinum
505 2636 653 2683 tenendum
670 2637 715 2683 est
756 2635 803 2684 nbi
815 2636 893 2685 iocus
908 2635 1016 2698 quidam
1032 2636 1121 2686 editus
1135 2637 1284 2689 accesere

190 2720 246 2760 non
264 2711 350 2756 totum
362 2706 479 2753 dorsum
497 2703 617 2767 respici,
635 2701 718 2753 cuins‘
756 2709 907 2766 occupatus
922 2715 949 2753 et
961 2705 1062 2754 muniri
1075 2709 1201 2771 coeptus,
1218 2719 1283 2761 cour

190 2779 298 2840 partem
316 2775 441 2836 oppidum
461 2774 623 2837 occupabat,
642 2775 713 2834 quood
754 2786 814 2822 anu
826 2788 864 2824 cc
877 2776 964 2837 prante
975 2787 1068 2839 prope
1080 2787 1203 2840 aequum
1215 2778 1283 2828 atii·

190 2857 280 2908 aequo
305 2855 342 2892 an
360 2842 455 2904 iniquo
473 2843 533 2891 solo
551 2842 713 2892 inaedifica-
755 2845 817 2892 tunt
833 2843 968 2909 baberet,
988 2855 1005 2893 a
1023 2844 1171 2910 Pompeio,
1190 2846 1282 2909 quiri

189 2919 247 2966 turo
266 2916 351 2974 esset,
370 2912 499 2961 caesarie
517 2911 586 2960 nillil
607 2911 712 2960 intere·
754 2912 937 2974 propinquum
955 2915 984 2961 et
997 2915 1168 2964 contrarium
1180 2916 1282 2967 collem

187 2987 243 3050 rat,
265 2983 314 3032 scd
333 2992 393 3030 eam
411 2980 486 3029 dorsi
504 2982 622 3043 partem,
641 2992 711 3041 quac
754 2983 966 3047 occupavisset,
996 2981 1152 3045 impugnari
1171 2984 1281 3036 dicitur.

188 3058 271 3104 extra
283 3051 411 3113 oppidum
422 3051 512 3108 esset3
530 3049 626 3097 deinde
642 3052 712 3099 lianc
805 3052 856 3099 sed
877 3053 946 3100 luuuc
965 3051 1125 3102 silvestrem
1143 3055 1280 3120 stangu-

185 3124 275 3186 ipsam
312 3121 389 3169 dorsi
418 3120 523 3180 partem
551 3119 711 3167 accuratius
754 3121 1280 3183 strum1nocutruruquevimebae-

187 3190 296 3242 defiuiri
323 3187 416 3237 verbis
443 3200 499 3251 nitu
518 3188 593 3238 esset
612 3189 711 3237 aditus
754 3189 1279 3257 quitatediversanrbabebatetqnare

86 3282 88 3287 ·
184 3262 224 3317 nd
233 3264 360 3311 alterurn
370 3255 598 3321 yrariemoppide',
611 3258 711 3320 quiippe
753 3259 845 3307 minus
869 3259 912 3307 ilii
933 3260 996 3310 loco
1021 3262 1170 3312 timendum
1193 3266 1280 3328 esset,

187 3331 259 3393 quod
277 3340 331 3378 non
350 3329 436 3376 toturn
456 3327 567 3375 dorsum
585 3329 709 3388 compule—
753 3327 907 3376 efficiebat:
926 3330 1019 3378 tamen
1032 3344 1087 3381 non
1101 3332 1277 3397 impediebat,

185 3401 250 3461 bat,
284 3401 314 3448 ut
339 3397 459 3458 undique
485 3393 649 3443 exeuntibus
674 3408 709 3444 ex
753 3409 806 3458 quo
831 3399 921 3446 miurus
944 3402 1121 3450 vehementer
1137 3402 1277 3455 timerent.

186 3467 390 3531 oppidostatim
398 3464 625 3529 descendendum,
640 3465 709 3514 ade·
751 3467 952 3518 Diversitatern
966 3470 1027 3533 sed,
1042 3471 1217 3521 diversarum
1229 3484 1278 3523 re·

184 3541 297 3588 untibns
311 3540 398 3597 usqne
412 3535 615 3584 ascendendum
623 3536 708 3598 esset,
751 3549 813 3586 rnrn
831 3538 1052 3589 conirnrctionem
1069 3539 1144 3590 nunc
1162 3542 1276 3594 demon-

184 3608 236 3656 sed
253 3610 287 3656 ab
305 3617 339 3654 ea
358 3609 454 3669 purte,
482 3615 551 3666 quae
569 3614 587 3652 a
604 3605 707 3655 castris
752 3608 841 3669 strat,
878 3609 950 3669 quod
973 3620 1029 3658 non
1048 3610 1137 3659 solun
1153 3610 1276 3676 dorsum,

184 3676 368 3727 Romanorum
387 3683 491 3723 aversa
508 3674 585 3734 erat,
604 3673 708 3723 exitum
751 3677 800 3724 sed
818 3677 930 3727 dorsum
946 3690 1068 3743 aequum
1081 3680 1172 3728 mente
1185 3681 1276 3743 repeti

182 3745 301 3808 primurn
344 3742 502 3804 aditumque
545 3744 707 3808 extremum,
750 3743 833 3793 iubet.
871 3746 912 3797 cf.
931 3749 1011 3797 Alex.
1032 3748 1075 3812 29,
1094 3743 1125 3796 5:
1151 3760 1277 3812 qnorum

184 3815 250 3877 quia
265 3814 365 3862 dorsus
379 3812 416 3859 ibi
430 3823 515 3871 prope
523 3815 585 3860 erat
593 3823 708 3877 aequus,
750 3813 888 3876 trapetum
906 3817 977 3866 adeo
990 3818 1211 3880 pertimuerunt
1222 3819 1275 3870 no-

182 3894 270 3945 prope
292 3892 407 3942 aequum
425 3881 558 3942 babebat,
591 3881 708 3943 denique
749 3885 818 3950 ricc,
831 3886 866 3933 at
879 3884 911 3933 in
924 3885 995 3950 fuya
1008 3898 1089 3949 opem
1100 3888 1204 3938 salutis
1215 3890 1276 3939 col·

182 3953 255 4001 banc
279 3950 352 3999 dorsi
378 3949 562 4011 aequitatem,
596 3951 707 4000 minime
749 3954 892 4017 locarent,
910 3955 960 4004 ced
976 3954 1006 4003 td
1024 3955 1155 4020 frustra.
1189 3957 1275 4008 simi-

183 4031 253 4069 vero
273 4019 345 4081 quod
363 4017 505 4067 silvestris
526 4022 554 4066 et
571 4024 707 4083 angustus
748 4022 786 4070 lis
817 4023 987 4087 pronominis
1014 4037 1081 4074 usus
1103 4027 1148 4074 est
1170 4024 1206 4087 5,
1238 4026 1274 4080 18

182 4089 274 4152 esset,
310 4089 436 4136 timorem
467 4086 584 4138 iniicere
616 4088 706 4140 Gallis
749 4088 776 4150 S.
795 4092 825 4140 1:
855 4093 931 4158 quod
951 4094 1057 4158 {iernen
1079 4107 1137 4144 nno
1159 4095 1274 4147 omnino

180 4160 265 4224 atque
283 4155 396 4208 elicere
412 4157 548 4223 potuisse,
565 4159 596 4207 ui
611 4169 706 4211 ornnes
748 4161 814 4217 ioco,
833 4160 953 4228 petitine
977 4165 1067 4229 atque
1090 4163 1159 4219 boc
1182 4176 1274 4234 crare
