<?xml version="1.0" encoding="UTF-8"?>
<!DOCTYPE html PUBLIC "-//W3C//DTD XHTML 1.0 Transitional//EN"
    "http://www.w3.org/TR/xhtml1/DTD/xhtml1-transitional.dtd">
<html xmlns="http://www.w3.org/1999/xhtml" xml:lang="en" lang="en">
 <head>
  <title>
</title>
<meta http-equiv="Content-Type" content="text/html;charset=utf-8" />
  <meta name='ocr-system' content='tesseract 3.04.00' />
  <meta name='ocr-capabilities' content='ocr_page ocr_carea ocr_par ocr_line ocrx_word'/>
</head>
<body>
  <div class='ocr_page' id='page_1' title='image "./commentariidebe00schngoog_0326.png"; bbox 0 0 2700 4726; ppageno 0'>
   <div class='ocr_carea' id='block_1_1' title="bbox 417 293 1200 373">
    <p class='ocr_par' dir='ltr' id='par_1_1' title="bbox 417 293 1200 373">
     <span class='ocr_line' id='line_1_1' title="bbox 417 293 1200 373; baseline 0.008 -9"><span class='ocrx_word' id='word_1_1' title='bbox 417 293 521 368; x_wconf 77' lang='lat' dir='ltr'>ala.</span> <span class='ocrx_word' id='word_1_2' title='bbox 552 295 635 369; x_wconf 81' lang='lat' dir='ltr'>vll.</span> <span class='ocrx_word' id='word_1_3' title='bbox 683 296 806 369; x_wconf 75' lang='lat' dir='ltr'>cAl’.</span> <span class='ocrx_word' id='word_1_4' title='bbox 828 302 874 373; x_wconf 87' lang='grc'>88</span> <span class='ocrx_word' id='word_1_5' title='bbox 1130 301 1200 370; x_wconf 81' lang='grc'>637</span> 
     </span>
    </p>
   </div>
   <div class='ocr_carea' id='block_1_2' title="bbox 108 480 1242 1180">
    <p class='ocr_par' dir='ltr' id='par_1_2' title="bbox 108 480 1242 1180">
     <span class='ocr_line' id='line_1_2' title="bbox 115 480 1199 587; baseline 0.005 -38"><span class='ocrx_word' id='word_1_6' title='bbox 115 482 274 572; x_wconf 81' lang='lat' dir='ltr'>princeps</span> <span class='ocrx_word' id='word_1_7' title='bbox 290 480 534 587; x_wconf 34' lang='lat' dir='ltr'>‘Lemovicum</span> <span class='ocrx_word' id='word_1_8' title='bbox 561 486 745 567; x_wconf 82' lang='lat' dir='ltr'>occiditur3</span> <span class='ocrx_word' id='word_1_9' title='bbox 779 485 1099 553; x_wconf 74' lang='lat' dir='ltr'>Vercassivellaunus</span> <span class='ocrx_word' id='word_1_10' title='bbox 1126 489 1199 554; x_wconf 84' lang='lat' dir='ltr'>Ar·-</span> 
     </span>
     <span class='ocr_line' id='line_1_3' title="bbox 114 572 1199 680; baseline 0.003 -42"><span class='ocrx_word' id='word_1_11' title='bbox 114 594 238 641; x_wconf 85' lang='lat' dir='ltr'>vernns</span> <span class='ocrx_word' id='word_1_12' title='bbox 268 592 364 636; x_wconf 80' lang='lat' dir='ltr'>vivus</span> <span class='ocrx_word' id='word_1_13' title='bbox 397 573 432 638; x_wconf 89' lang='lat' dir='ltr'>in</span> <span class='ocrx_word' id='word_1_14' title='bbox 461 575 541 660; x_wconf 80' lang='lat' dir='ltr'>iuga</span> <span class='ocrx_word' id='word_1_15' title='bbox 572 574 883 662; x_wconf 73' lang='lat' dir='ltr'>comprehenditum</span> <span class='ocrx_word' id='word_1_16' title='bbox 915 576 1011 680; x_wconf 69' lang='lat' dir='ltr'>signa</span> <span class='ocrx_word' id='word_1_17' title='bbox 1038 572 1199 641; x_wconf 85' lang='lat' dir='ltr'>militaria</span> 
     </span>
     <span class='ocr_line' id='line_1_4' title="bbox 114 656 1242 851; baseline 0.004 -40"><span class='ocrx_word' id='word_1_18' title='bbox 114 656 1242 851; x_wconf 60' lang='lat' dir='ltr'>illltliliib‘liliiiiii„lll&#39;cib‘ilti¹¹:¹2a</span> 
     </span>
     <span class='ocr_line' id='line_1_5' title="bbox 114 833 1199 926; baseline 0.004 -27"><span class='ocrx_word' id='word_1_19' title='bbox 114 833 240 923; x_wconf 84' lang='lat' dir='ltr'>opprdo</span> <span class='ocrx_word' id='word_1_20' title='bbox 262 833 397 900; x_wconf 83' lang='lat' dir='ltr'>caedem</span> <span class='ocrx_word' id='word_1_21' title='bbox 423 843 458 901; x_wconf 88' lang='lat' dir='ltr'>ot</span> <span class='ocrx_word' id='word_1_22' title='bbox 480 838 593 924; x_wconf 73' lang='lat' dir='ltr'>lugam</span> <span class='ocrx_word' id='word_1_23' title='bbox 623 860 761 906; x_wconf 86' lang='lat' dir='ltr'>suorum</span> <span class='ocrx_word' id='word_1_24' title='bbox 792 838 972 926; x_wconf 86' lang='lat' dir='ltr'>desparata</span> <span class='ocrx_word' id='word_1_25' title='bbox 1002 839 1114 904; x_wconf 86' lang='lat' dir='ltr'>salute</span> <span class='ocrx_word' id='word_1_26' title='bbox 1141 858 1199 903; x_wconf 90' lang='lat' dir='ltr'>oo·</span> 
     </span>
     <span class='ocr_line' id='line_1_6' title="bbox 113 924 1198 1030; baseline 0.006 -45"><span class='ocrx_word' id='word_1_27' title='bbox 113 924 195 1026; x_wconf 69' lang='lat' dir='ltr'>pias</span> <span class='ocrx_word' id='word_1_28' title='bbox 225 942 244 986; x_wconf 91' lang='lat' dir='ltr'>a</span> <span class='ocrx_word' id='word_1_29' title='bbox 277 924 518 1029; x_wconf 77' lang='lat' dir='ltr'>munitionibus</span> <span class='ocrx_word' id='word_1_30' title='bbox 554 925 731 994; x_wconf 82' lang='lat' dir='ltr'>reducunt.</span> <span class='ocrx_word' id='word_1_31' title='bbox 786 924 846 992; x_wconf 85' lang='lat' dir='ltr'>Fit</span> <span class='ocrx_word' id='word_1_32' title='bbox 879 925 1040 1030; x_wconf 71' lang='lat' dir='ltr'>protinus</span> <span class='ocrx_word' id='word_1_33' title='bbox 1068 925 1130 990; x_wconf 81' lang='lat' dir='ltr'>lrao</span> <span class='ocrx_word' id='word_1_34' title='bbox 1158 944 1198 1028; x_wconf 68' lang='lat' dir='ltr'>ra</span> 
     </span>
     <span class='ocr_line' id='line_1_7' title="bbox 108 1008 1242 1180; baseline 0.002 -17"><span class='ocrx_word' id='word_1_35' title='bbox 108 1008 1040 1170; x_wconf 50' lang='lat' dir='ltr'>{iiiiiii?iiiililt&#39;li&#39;blliiallidit</span> <span class='ocrx_word' id='word_1_36' title='bbox 1062 1010 1242 1180; x_wconf 51' lang='lat' dir='ltr'>lilii?</span> 
     </span>
    </p>
   </div>
   <div class='ocr_carea' id='block_1_3' title="bbox 140 1288 1200 1773">
    <p class='ocr_par' dir='ltr' id='par_1_3' title="bbox 140 1288 1200 1773">
     <span class='ocr_line' id='line_1_8' title="bbox 140 1288 1200 1356; baseline 0.004 -18"><span class='ocrx_word' id='word_1_37' title='bbox 140 1288 225 1355; x_wconf 84' lang='lat' dir='ltr'>dem,</span> <span class='ocrx_word' id='word_1_38' title='bbox 249 1288 295 1350; x_wconf 80' lang='lat' dir='ltr'>qul</span> <span class='ocrx_word' id='word_1_39' title='bbox 317 1290 454 1344; x_wconf 72' lang='lat' dir='ltr'>seduliae</span> <span class='ocrx_word' id='word_1_40' title='bbox 476 1293 592 1356; x_wconf 88' lang='lat' dir='ltr'>babent,</span> <span class='ocrx_word' id='word_1_41' title='bbox 614 1305 668 1344; x_wconf 87' lang='lat' dir='ltr'>uon</span> <span class='ocrx_word' id='word_1_42' title='bbox 691 1290 808 1343; x_wconf 85' lang='lat' dir='ltr'>videtur.</span> <span class='ocrx_word' id='word_1_43' title='bbox 848 1293 906 1344; x_wconf 81' lang='lat' dir='ltr'>llos</span> <span class='ocrx_word' id='word_1_44' title='bbox 929 1289 1014 1356; x_wconf 83' lang='lat' dir='ltr'>igitur</span> <span class='ocrx_word' id='word_1_45' title='bbox 1035 1289 1064 1341; x_wconf 93' lang='lat' dir='ltr'>in</span> <span class='ocrx_word' id='word_1_46' title='bbox 1087 1299 1200 1354; x_wconf 76' lang='lat' dir='ltr'>utroque</span> 
     </span>
     <span class='ocr_line' id='line_1_9' title="bbox 146 1359 1200 1426; baseline 0.006 -19"><span class='ocrx_word' id='word_1_47' title='bbox 146 1359 300 1425; x_wconf 78' lang='lat' dir='ltr'>sequendos</span> <span class='ocrx_word' id='word_1_48' title='bbox 318 1363 429 1426; x_wconf 83' lang='lat' dir='ltr'>putavi,</span> <span class='ocrx_word' id='word_1_49' title='bbox 451 1364 504 1413; x_wconf 86' lang='lat' dir='ltr'>etsi</span> <span class='ocrx_word' id='word_1_50' title='bbox 525 1362 615 1415; x_wconf 77' lang='lat' dir='ltr'>Latini</span> <span class='ocrx_word' id='word_1_51' title='bbox 635 1362 753 1413; x_wconf 89' lang='lat' dir='ltr'>nominis</span> <span class='ocrx_word' id='word_1_52' title='bbox 769 1360 887 1425; x_wconf 90' lang='lat' dir='ltr'>speciem</span> <span class='ocrx_word' id='word_1_53' title='bbox 911 1362 1023 1425; x_wconf 87' lang='lat' dir='ltr'>critico,</span> <span class='ocrx_word' id='word_1_54' title='bbox 1048 1360 1094 1425; x_wconf 84' lang='lat' dir='ltr'>qui</span> <span class='ocrx_word' id='word_1_55' title='bbox 1117 1362 1200 1413; x_wconf 84' lang='lat' dir='ltr'>etlam</span> 
     </span>
     <span class='ocr_line' id='line_1_10' title="bbox 145 1428 1199 1496; baseline -0.009 -8"><span class='ocrx_word' id='word_1_56' title='bbox 145 1429 218 1488; x_wconf 69' lang='lat' dir='ltr'>aliud</span> <span class='ocrx_word' id='word_1_57' title='bbox 235 1428 378 1490; x_wconf 77' lang='lat' dir='ltr'><strong>Britannos</strong></span> <span class='ocrx_word' id='word_1_58' title='bbox 393 1431 553 1483; x_wconf 76' lang='lat' dir='ltr'>Carvilium</span> <span class='ocrx_word' id='word_1_59' title='bbox 570 1433 674 1481; x_wconf 89' lang='lat' dir='ltr'>nomine</span> <span class='ocrx_word' id='word_1_60' title='bbox 692 1444 784 1490; x_wconf 68' lang='lat' dir='ltr'>regem</span> <span class='ocrx_word' id='word_1_61' title='bbox 804 1432 891 1481; x_wconf 87' lang='lat' dir='ltr'>inisse</span> <span class='ocrx_word' id='word_1_62' title='bbox 910 1444 944 1480; x_wconf 89' lang='lat' dir='ltr'>ex</span> <span class='ocrx_word' id='word_1_63' title='bbox 955 1430 988 1496; x_wconf 79' lang='lat'>5,</span> <span class='ocrx_word' id='word_1_64' title='bbox 1004 1433 1038 1480; x_wconf 84' lang='lat'>22</span> <span class='ocrx_word' id='word_1_65' title='bbox 1056 1428 1083 1490; x_wconf 74' lang='lat'>8.</span> <span class='ocrx_word' id='word_1_66' title='bbox 1101 1432 1114 1479; x_wconf 92' lang='lat' dir='ltr'>l</span> <span class='ocrx_word' id='word_1_67' title='bbox 1133 1442 1199 1480; x_wconf 91' lang='lat' dir='ltr'>nos-</span> 
     </span>
     <span class='ocr_line' id='line_1_11' title="bbox 145 1496 1198 1565; baseline 0.006 -22"><span class='ocrx_word' id='word_1_68' title='bbox 145 1498 203 1560; x_wconf 86' lang='lat' dir='ltr'>set,</span> <span class='ocrx_word' id='word_1_69' title='bbox 221 1497 343 1548; x_wconf 75' lang='lat' dir='ltr'>arridere</span> <span class='ocrx_word' id='word_1_70' title='bbox 362 1496 554 1565; x_wconf 57' lang='lat' dir='ltr'>poluisse‚⁴ob</span> <span class='ocrx_word' id='word_1_71' title='bbox 567 1501 687 1551; x_wconf 89' lang='lat' dir='ltr'>codicum</span> <span class='ocrx_word' id='word_1_72' title='bbox 706 1501 914 1562; x_wconf 77' lang='lat' dir='ltr'>discrepantiam</span> <span class='ocrx_word' id='word_1_73' title='bbox 932 1508 1022 1550; x_wconf 88' lang='lat' dir='ltr'>autem</span> <span class='ocrx_word' id='word_1_74' title='bbox 1035 1498 1198 1564; x_wconf 65' lang='lat' dir='ltr'>medullae,</span> 
     </span>
     <span class='ocr_line' id='line_1_12' title="bbox 143 1564 1200 1634; baseline 0.001 -19"><span class='ocrx_word' id='word_1_75' title='bbox 143 1565 180 1615; x_wconf 91' lang='lat' dir='ltr'>ob</span> <span class='ocrx_word' id='word_1_76' title='bbox 197 1564 312 1617; x_wconf 87' lang='lat' dir='ltr'>nominis</span> <span class='ocrx_word' id='word_1_77' title='bbox 328 1570 440 1633; x_wconf 75' lang='lat' dir='ltr'>forman</span> <span class='ocrx_word' id='word_1_78' title='bbox 455 1571 579 1622; x_wconf 71' lang='lat' dir='ltr'>sedilios</span> <span class='ocrx_word' id='word_1_79' title='bbox 596 1571 683 1634; x_wconf 52' lang='lat' dir='ltr'>mame</span> <span class='ocrx_word' id='word_1_80' title='bbox 700 1568 852 1632; x_wconf 78' lang='lat' dir='ltr'>probabilia</span> <span class='ocrx_word' id='word_1_81' title='bbox 867 1583 947 1634; x_wconf 89' lang='lat' dir='ltr'>esse,</span> <span class='ocrx_word' id='word_1_82' title='bbox 967 1567 1081 1630; x_wconf 83' lang='lat' dir='ltr'>denlpue</span> <span class='ocrx_word' id='word_1_83' title='bbox 1099 1569 1200 1634; x_wconf 89' lang='lat' dir='ltr'>populi,</span> 
     </span>
     <span class='ocr_line' id='line_1_13' title="bbox 145 1633 1200 1703; baseline 0.005 -21"><span class='ocrx_word' id='word_1_84' title='bbox 145 1633 225 1685; x_wconf 86' lang='lat' dir='ltr'>culus</span> <span class='ocrx_word' id='word_1_85' title='bbox 243 1634 284 1691; x_wconf 86' lang='lat' dir='ltr'>bio</span> <span class='ocrx_word' id='word_1_86' title='bbox 304 1638 359 1690; x_wconf 84' lang='lat' dir='ltr'>dux</span> <span class='ocrx_word' id='word_1_87' title='bbox 378 1648 406 1689; x_wconf 86' lang='lat' dir='ltr'>et</span> <span class='ocrx_word' id='word_1_88' title='bbox 422 1640 550 1703; x_wconf 89' lang='lat' dir='ltr'>princeps</span> <span class='ocrx_word' id='word_1_89' title='bbox 569 1640 669 1703; x_wconf 84' lang='lat' dir='ltr'>inerit,</span> <span class='ocrx_word' id='word_1_90' title='bbox 693 1651 792 1691; x_wconf 89' lang='lat' dir='ltr'>nomeu</span> <span class='ocrx_word' id='word_1_91' title='bbox 809 1639 883 1689; x_wconf 86' lang='lat' dir='ltr'>aliud</span> <span class='ocrx_word' id='word_1_92' title='bbox 902 1639 930 1689; x_wconf 89' lang='lat' dir='ltr'>in</span> <span class='ocrx_word' id='word_1_93' title='bbox 947 1638 1108 1701; x_wconf 81' lang='lat' dir='ltr'>optinorum</span> <span class='ocrx_word' id='word_1_94' title='bbox 1125 1638 1200 1691; x_wconf 86' lang='lat' dir='ltr'>codi-</span> 
     </span>
     <span class='ocr_line' id='line_1_14' title="bbox 145 1704 1038 1773; baseline 0.006 -18"><span class='ocrx_word' id='word_1_95' title='bbox 145 1715 207 1755; x_wconf 80' lang='lat' dir='ltr'>cum</span> <span class='ocrx_word' id='word_1_96' title='bbox 225 1704 365 1767; x_wconf 82' lang='lat' dir='ltr'>scriptura</span> <span class='ocrx_word' id='word_1_97' title='bbox 381 1709 469 1760; x_wconf 83' lang='lat' dir='ltr'>latere</span> <span class='ocrx_word' id='word_1_98' title='bbox 489 1719 569 1771; x_wconf 86' lang='lat' dir='ltr'>posse</span> <span class='ocrx_word' id='word_1_99' title='bbox 584 1720 639 1760; x_wconf 90' lang='lat' dir='ltr'>non</span> <span class='ocrx_word' id='word_1_100' title='bbox 658 1722 736 1773; x_wconf 73' lang='lat' dir='ltr'>nego,</span> <span class='ocrx_word' id='word_1_101' title='bbox 888 1759 892 1766; x_wconf 84' lang='grc'><em>,</em></span> <span class='ocrx_word' id='word_1_102' title='bbox 1035 1740 1038 1745; x_wconf 94' lang='grc'><strong>-</strong></span> 
     </span>
    </p>
   </div>
   <div class='ocr_carea' id='block_1_4' title="bbox 142 1786 1292 3165">
    <p class='ocr_par' dir='ltr' id='par_1_4' title="bbox 142 1786 1292 2757">
     <span class='ocr_line' id='line_1_15' title="bbox 179 1786 1200 1854; baseline 0.001 -14"><span class='ocrx_word' id='word_1_103' title='bbox 179 1790 370 1850; x_wconf 81' lang='lat' dir='ltr'>Lemovicum]</span> <span class='ocrx_word' id='word_1_104' title='bbox 387 1792 457 1846; x_wconf 82' lang='lat' dir='ltr'>And.</span> <span class='ocrx_word' id='word_1_105' title='bbox 475 1794 525 1844; x_wconf 85' lang='lat' dir='ltr'>ox.</span> <span class='ocrx_word' id='word_1_106' title='bbox 543 1792 593 1843; x_wconf 80' lang='lat' dir='ltr'>Cu.</span> <span class='ocrx_word' id='word_1_107' title='bbox 611 1794 640 1846; x_wconf 78' lang='lat' dir='ltr'>s.</span> <span class='ocrx_word' id='word_1_108' title='bbox 660 1794 735 1843; x_wconf 76' lang='lat' dir='ltr'>Laid.</span> <span class='ocrx_word' id='word_1_109' title='bbox 747 1795 781 1843; x_wconf 78' lang='lat' dir='ltr'>A.</span> <span class='ocrx_word' id='word_1_110' title='bbox 802 1786 882 1841; x_wconf 87' lang='lat' dir='ltr'>Voss.</span> <span class='ocrx_word' id='word_1_111' title='bbox 892 1788 924 1842; x_wconf 79' lang='lat' dir='ltr'>c.</span> <span class='ocrx_word' id='word_1_112' title='bbox 941 1801 1037 1854; x_wconf 78' lang='lat' dir='ltr'>mergo</span> <span class='ocrx_word' id='word_1_113' title='bbox 1054 1790 1116 1844; x_wconf 77' lang='lat' dir='ltr'>Pet.</span> <span class='ocrx_word' id='word_1_114' title='bbox 1136 1790 1200 1841; x_wconf 80' lang='lat' dir='ltr'>Par.</span> 
     </span>
     <span class='ocr_line' id='line_1_16' title="bbox 145 1857 1292 1925; baseline 0.004 -19"><span class='ocrx_word' id='word_1_115' title='bbox 145 1857 177 1906; x_wconf 82' lang='lat' dir='ltr'>ll.</span> <span class='ocrx_word' id='word_1_116' title='bbox 196 1859 279 1909; x_wconf 83' lang='lat' dir='ltr'>vind.</span> <span class='ocrx_word' id='word_1_117' title='bbox 300 1864 333 1910; x_wconf 74' lang='grc' dir='ltr'>Α.</span> <span class='ocrx_word' id='word_1_118' title='bbox 352 1862 441 1918; x_wconf 79' lang='lat' dir='ltr'>(ilar.</span> <span class='ocrx_word' id='word_1_119' title='bbox 461 1865 496 1913; x_wconf 79' lang='lat' dir='ltr'>A.</span> <span class='ocrx_word' id='word_1_120' title='bbox 513 1864 600 1922; x_wconf 81' lang='lat' dir='ltr'>Wb.)</span> <span class='ocrx_word' id='word_1_121' title='bbox 625 1863 689 1919; x_wconf 74' lang='lat' dir='ltr'>sid.</span> <span class='ocrx_word' id='word_1_122' title='bbox 707 1875 767 1925; x_wconf 77' lang='lat' dir='ltr'>sqq.</span> <span class='ocrx_word' id='word_1_123' title='bbox 790 1859 975 1913; x_wconf 74' lang='lat' dir='ltr'>Lemouicum</span> <span class='ocrx_word' id='word_1_124' title='bbox 999 1861 1071 1912; x_wconf 80' lang='lat' dir='ltr'>nav.</span> <span class='ocrx_word' id='word_1_125' title='bbox 1091 1857 1125 1911; x_wconf 82' lang='grc' dir='ltr'>Α.</span> <span class='ocrx_word' id='word_1_126' title='bbox 1143 1872 1201 1910; x_wconf 83' lang='lat' dir='ltr'>sec.</span> <span class='ocrx_word' id='word_1_127' title='bbox 1289 1918 1292 1923; x_wconf 53' lang='grc'>,</span> 
     </span>
     <span class='ocr_line' id='line_1_17' title="bbox 142 1926 1201 1997; baseline 0.003 -18"><span class='ocrx_word' id='word_1_128' title='bbox 142 1926 206 1976; x_wconf 84' lang='lat' dir='ltr'>Iilb.</span> <span class='ocrx_word' id='word_1_129' title='bbox 223 1928 383 1980; x_wconf 77' lang='lat' dir='ltr'>Remorum</span> <span class='ocrx_word' id='word_1_130' title='bbox 401 1933 492 1983; x_wconf 77' lang='lat' dir='ltr'>samb.</span> <span class='ocrx_word' id='word_1_131' title='bbox 511 1933 614 1997; x_wconf 65' lang='lat' dir='ltr'>„diss</span> <span class='ocrx_word' id='word_1_132' title='bbox 633 1930 678 1981; x_wconf 83' lang='grc'>6“</span> <span class='ocrx_word' id='word_1_133' title='bbox 704 1932 736 1982; x_wconf 84' lang='lat' dir='ltr'>N.</span> <span class='ocrx_word' id='word_1_134' title='bbox 756 1932 818 1982; x_wconf 78' lang='lat' dir='ltr'>Par.</span> <span class='ocrx_word' id='word_1_135' title='bbox 835 1929 869 1981; x_wconf 85' lang='grc' dir='ltr'>Α.</span> <span class='ocrx_word' id='word_1_136' title='bbox 887 1942 944 1984; x_wconf 83' lang='lat' dir='ltr'>seo.</span> <span class='ocrx_word' id='word_1_137' title='bbox 967 1928 1108 1981; x_wconf 85' lang='lat' dir='ltr'>Acb&#39;aintr.</span> <span class='ocrx_word' id='word_1_138' title='bbox 1127 1930 1201 1982; x_wconf 75' lang='lat' dir='ltr'>Gott.</span> 
     </span>
     <span class='ocr_line' id='line_1_18' title="bbox 142 1996 1202 2058; baseline 0.007 -16"><span class='ocrx_word' id='word_1_139' title='bbox 142 1997 231 2058; x_wconf 72' lang='lat' dir='ltr'>Bong.</span> <span class='ocrx_word' id='word_1_140' title='bbox 250 1996 282 2048; x_wconf 80' lang='lat' dir='ltr'>G.</span> <span class='ocrx_word' id='word_1_141' title='bbox 302 2000 363 2049; x_wconf 73' lang='lat' dir='ltr'>Pal.</span> <span class='ocrx_word' id='word_1_142' title='bbox 383 2001 430 2056; x_wconf 79' lang='lat' dir='ltr'>Dr.</span> <span class='ocrx_word' id='word_1_143' title='bbox 450 2001 481 2054; x_wconf 85' lang='lat' dir='ltr'>li.</span> <span class='ocrx_word' id='word_1_144' title='bbox 499 2000 578 2052; x_wconf 84' lang='lat' dir='ltr'>Vrat.</span> <span class='ocrx_word' id='word_1_145' title='bbox 597 1998 629 2057; x_wconf 79' lang='lat' dir='ltr'>(i.</span> <span class='ocrx_word' id='word_1_146' title='bbox 648 1999 728 2050; x_wconf 73' lang='lat' dir='ltr'>Goth.</span> <span class='ocrx_word' id='word_1_147' title='bbox 745 2000 776 2048; x_wconf 83' lang='lat' dir='ltr'>li.</span> <span class='ocrx_word' id='word_1_148' title='bbox 800 1998 897 2048; x_wconf 83' lang='lat' dir='ltr'>llamb.</span> <span class='ocrx_word' id='word_1_149' title='bbox 921 1998 975 2049; x_wconf 77' lang='lat' dir='ltr'>liu.</span> <span class='ocrx_word' id='word_1_150' title='bbox 1000 1997 1083 2046; x_wconf 85' lang='lat' dir='ltr'>Vind.</span> <span class='ocrx_word' id='word_1_151' title='bbox 1099 1998 1202 2049; x_wconf 70' lang='lat' dir='ltr'>acab.</span> 
     </span>
     <span class='ocr_line' id='line_1_19' title="bbox 144 2062 1202 2137; baseline 0.004 -23"><span class='ocrx_word' id='word_1_152' title='bbox 144 2065 300 2119; x_wconf 79' lang='lat' dir='ltr'>Remulum</span> <span class='ocrx_word' id='word_1_153' title='bbox 319 2069 384 2119; x_wconf 84' lang='lat' dir='ltr'>Par.</span> <span class='ocrx_word' id='word_1_154' title='bbox 404 2070 438 2123; x_wconf 76' lang='lat' dir='ltr'>A.</span> <span class='ocrx_word' id='word_1_155' title='bbox 457 2081 513 2122; x_wconf 87' lang='lat' dir='ltr'>sec.</span> <span class='ocrx_word' id='word_1_156' title='bbox 534 2070 647 2137; x_wconf 70' lang='lat' dir='ltr'>asperi,</span> <span class='ocrx_word' id='word_1_157' title='bbox 665 2068 833 2120; x_wconf 82' lang='lat' dir='ltr'>rbemorem</span> <span class='ocrx_word' id='word_1_158' title='bbox 850 2066 932 2117; x_wconf 85' lang='lat' dir='ltr'>vind.</span> <span class='ocrx_word' id='word_1_159' title='bbox 951 2062 974 2117; x_wconf 89' lang='lat' dir='ltr'>l.</span> <span class='ocrx_word' id='word_1_160' title='bbox 992 2065 1064 2116; x_wconf 84' lang='lat' dir='ltr'>ven.</span> <span class='ocrx_word' id='word_1_161' title='bbox 1086 2066 1107 2115; x_wconf 84' lang='lat' dir='ltr'>l.</span> <span class='ocrx_word' id='word_1_162' title='bbox 1139 2066 1202 2118; x_wconf 79' lang='lat' dir='ltr'>Re-</span> 
     </span>
     <span class='ocr_line' id='line_1_20' title="bbox 144 2132 1203 2205; baseline -0.001 -21"><span class='ocrx_word' id='word_1_163' title='bbox 144 2145 260 2186; x_wconf 82' lang='lat' dir='ltr'>moram</span> <span class='ocrx_word' id='word_1_164' title='bbox 283 2139 345 2187; x_wconf 83' lang='lat' dir='ltr'>tum</span> <span class='ocrx_word' id='word_1_165' title='bbox 363 2139 448 2190; x_wconf 86' lang='lat' dir='ltr'>Voss.</span> <span class='ocrx_word' id='word_1_166' title='bbox 466 2142 500 2189; x_wconf 80' lang='grc' dir='ltr'>Α.</span> <span class='ocrx_word' id='word_1_167' title='bbox 526 2140 724 2205; x_wconf 80' lang='lat' dir='ltr'>„Rernastom</span> <span class='ocrx_word' id='word_1_168' title='bbox 742 2139 827 2203; x_wconf 77' lang='lat' dir='ltr'>Bong.</span> <span class='ocrx_word' id='word_1_169' title='bbox 852 2137 931 2198; x_wconf 82' lang='lat' dir='ltr'>ligus.</span> <span class='ocrx_word' id='word_1_170' title='bbox 950 2136 1049 2185; x_wconf 80' lang='lat' dir='ltr'>Petav.</span> <span class='ocrx_word' id='word_1_171' title='bbox 1075 2142 1104 2184; x_wconf 86' lang='lat' dir='ltr'>et</span> <span class='ocrx_word' id='word_1_172' title='bbox 1125 2132 1203 2185; x_wconf 84' lang='lat' dir='ltr'>alii“</span> 
     </span>
     <span class='ocr_line' id='line_1_21' title="bbox 143 2203 1202 2279; baseline -0.002 -25"><span class='ocrx_word' id='word_1_173' title='bbox 143 2214 243 2255; x_wconf 83' lang='lat' dir='ltr'>remus</span> <span class='ocrx_word' id='word_1_174' title='bbox 260 2206 322 2256; x_wconf 83' lang='lat' dir='ltr'>tom</span> <span class='ocrx_word' id='word_1_175' title='bbox 341 2207 400 2257; x_wconf 83' lang='lat' dir='ltr'>Pet.</span> <span class='ocrx_word' id='word_1_176' title='bbox 423 2210 499 2270; x_wconf 76' lang='lat' dir='ltr'>lligm.</span> <span class='ocrx_word' id='word_1_177' title='bbox 518 2209 600 2258; x_wconf 76' lang='lat' dir='ltr'>liabr.</span> <span class='ocrx_word' id='word_1_178' title='bbox 618 2210 702 2272; x_wconf 79' lang='lat' dir='ltr'>llong.</span> <span class='ocrx_word' id='word_1_179' title='bbox 717 2203 748 2258; x_wconf 77' lang='lat' dir='ltr'>b.</span> <span class='ocrx_word' id='word_1_180' title='bbox 766 2206 809 2257; x_wconf 83' lang='lat' dir='ltr'>Pl.</span> <span class='ocrx_word' id='word_1_181' title='bbox 825 2205 907 2255; x_wconf 88' lang='lat' dir='ltr'>Vrat.</span> <span class='ocrx_word' id='word_1_182' title='bbox 919 2207 952 2256; x_wconf 75' lang='lat' dir='ltr'>A.</span> <span class='ocrx_word' id='word_1_183' title='bbox 969 2204 1050 2255; x_wconf 71' lang='lat' dir='ltr'>eota</span> <span class='ocrx_word' id='word_1_184' title='bbox 1064 2206 1099 2253; x_wconf 75' lang='grc' dir='ltr'>Α.</span> <span class='ocrx_word' id='word_1_185' title='bbox 1120 2203 1202 2279; x_wconf 57' lang='lat' dir='ltr'>W·</span> 
     </span>
     <span class='ocr_line' id='line_1_22' title="bbox 143 2272 1203 2339; baseline 0.001 -15"><span class='ocrx_word' id='word_1_186' title='bbox 143 2272 210 2324; x_wconf 81' lang='lat' dir='ltr'>mlle</span> <span class='ocrx_word' id='word_1_187' title='bbox 229 2277 291 2325; x_wconf 84' lang='lat' dir='ltr'>tam</span> <span class='ocrx_word' id='word_1_188' title='bbox 307 2277 394 2329; x_wconf 77' lang='lat' dir='ltr'>Haeo.</span> <span class='ocrx_word' id='word_1_189' title='bbox 412 2279 511 2330; x_wconf 79' lang='lat' dir='ltr'>Remis</span> <span class='ocrx_word' id='word_1_190' title='bbox 527 2276 588 2328; x_wconf 77' lang='lat' dir='ltr'>Pes.</span> <span class='ocrx_word' id='word_1_191' title='bbox 603 2277 689 2329; x_wconf 83' lang='lat' dir='ltr'>conii.</span> <span class='ocrx_word' id='word_1_192' title='bbox 706 2276 867 2327; x_wconf 79' lang='lat' dir='ltr'>liemarum</span> <span class='ocrx_word' id='word_1_193' title='bbox 886 2275 934 2324; x_wconf 84' lang='lat' dir='ltr'>lir.</span> <span class='ocrx_word' id='word_1_194' title='bbox 947 2275 982 2323; x_wconf 82' lang='lat' dir='ltr'>A.</span> <span class='ocrx_word' id='word_1_195' title='bbox 998 2274 1203 2339; x_wconf 68' lang='lat' dir='ltr'>Sequanorum</span> 
     </span>
     <span class='ocr_line' id='line_1_23' title="bbox 145 2340 1202 2402; baseline 0.002 -11"><span class='ocrx_word' id='word_1_196' title='bbox 145 2344 250 2402; x_wconf 62' lang='lat' dir='ltr'>„lisa</span> <span class='ocrx_word' id='word_1_197' title='bbox 270 2344 351 2396; x_wconf 78' lang='lat' dir='ltr'>dno“</span> <span class='ocrx_word' id='word_1_198' title='bbox 369 2346 427 2396; x_wconf 85' lang='lat' dir='ltr'>ort.</span> <span class='ocrx_word' id='word_1_199' title='bbox 445 2349 525 2398; x_wconf 89' lang='lat' dir='ltr'>vrat.</span> <span class='ocrx_word' id='word_1_200' title='bbox 544 2349 575 2398; x_wconf 81' lang='lat' dir='ltr'>ll.</span> <span class='ocrx_word' id='word_1_201' title='bbox 593 2346 649 2399; x_wconf 82' lang='lat' dir='ltr'>ino.</span> <span class='ocrx_word' id='word_1_202' title='bbox 665 2345 879 2397; x_wconf 73' lang='lat' dir='ltr'>Germanorum</span> <span class='ocrx_word' id='word_1_203' title='bbox 896 2340 980 2393; x_wconf 83' lang='lat' dir='ltr'>Vind.</span> <span class='ocrx_word' id='word_1_204' title='bbox 999 2342 1032 2392; x_wconf 87' lang='lat' dir='ltr'>li.</span> <span class='ocrx_word' id='word_1_205' title='bbox 1058 2342 1119 2394; x_wconf 87' lang='lat' dir='ltr'>edd.</span> <span class='ocrx_word' id='word_1_206' title='bbox 1139 2353 1202 2395; x_wconf 88' lang='lat' dir='ltr'>sote</span> 
     </span>
     <span class='ocr_line' id='line_1_24' title="bbox 144 2408 1203 2479; baseline 0.002 -18"><span class='ocrx_word' id='word_1_207' title='bbox 144 2408 216 2462; x_wconf 85' lang='lat' dir='ltr'>Ven.</span> <span class='ocrx_word' id='word_1_208' title='bbox 233 2414 256 2466; x_wconf 77' lang='lat' dir='ltr'>i.</span> <span class='ocrx_word' id='word_1_209' title='bbox 291 2415 357 2464; x_wconf 81' lang='lat' dir='ltr'>cun</span> <span class='ocrx_word' id='word_1_210' title='bbox 377 2417 536 2467; x_wconf 78' lang='lat' dir='ltr'>Remorum</span> <span class='ocrx_word' id='word_1_211' title='bbox 556 2420 664 2479; x_wconf 83' lang='lat' dir='ltr'>propter</span> <span class='ocrx_word' id='word_1_212' title='bbox 683 2426 708 2466; x_wconf 90' lang='lat' dir='ltr'>c.</span> <span class='ocrx_word' id='word_1_213' title='bbox 723 2418 760 2465; x_wconf 76' lang='grc'>63</span> <span class='ocrx_word' id='word_1_214' title='bbox 777 2412 805 2473; x_wconf 82' lang='lat' dir='ltr'>S.</span> <span class='ocrx_word' id='word_1_215' title='bbox 823 2414 841 2465; x_wconf 87' lang='grc'><strong>7</strong></span> <span class='ocrx_word' id='word_1_216' title='bbox 859 2418 889 2462; x_wconf 88' lang='lat' dir='ltr'>st</span> <span class='ocrx_word' id='word_1_217' title='bbox 905 2425 930 2463; x_wconf 88' lang='lat' dir='ltr'>o.</span> <span class='ocrx_word' id='word_1_218' title='bbox 945 2410 982 2463; x_wconf 82' lang='lat'>75</span> <span class='ocrx_word' id='word_1_219' title='bbox 998 2410 1203 2473; x_wconf 76' lang='lat' dir='ltr'>inprobandum</span> 
     </span>
     <span class='ocr_line' id='line_1_25' title="bbox 145 2478 1203 2545; baseline 0.002 -17"><span class='ocrx_word' id='word_1_220' title='bbox 145 2479 201 2542; x_wconf 82' lang='lat' dir='ltr'>sit,</span> <span class='ocrx_word' id='word_1_221' title='bbox 216 2482 379 2534; x_wconf 79' lang='lat' dir='ltr'>Lemovices</span> <span class='ocrx_word' id='word_1_222' title='bbox 394 2488 485 2536; x_wconf 81' lang='lat' dir='ltr'>antem</span> <span class='ocrx_word' id='word_1_223' title='bbox 503 2486 651 2535; x_wconf 88' lang='lat' dir='ltr'>secondum</span> <span class='ocrx_word' id='word_1_224' title='bbox 668 2495 694 2534; x_wconf 92' lang='lat' dir='ltr'>c.</span> <span class='ocrx_word' id='word_1_225' title='bbox 712 2482 749 2536; x_wconf 76' lang='lat'>75</span> <span class='ocrx_word' id='word_1_226' title='bbox 766 2482 794 2545; x_wconf 75' lang='lat' dir='ltr'>s.</span> <span class='ocrx_word' id='word_1_227' title='bbox 812 2484 830 2532; x_wconf 78' lang='lat'>³</span> <span class='ocrx_word' id='word_1_228' title='bbox 847 2484 876 2531; x_wconf 87' lang='lat' dir='ltr'>et</span> <span class='ocrx_word' id='word_1_229' title='bbox 892 2478 912 2533; x_wconf 72' lang='lat'><em>4</em></span> <span class='ocrx_word' id='word_1_230' title='bbox 930 2481 979 2531; x_wconf 88' lang='lat' dir='ltr'>alii</span> <span class='ocrx_word' id='word_1_231' title='bbox 996 2478 1133 2545; x_wconf 86' lang='lat' dir='ltr'>maiores,</span> <span class='ocrx_word' id='word_1_232' title='bbox 1155 2480 1203 2533; x_wconf 81' lang='lat' dir='ltr'>alil</span> 
     </span>
     <span class='ocr_line' id='line_1_26' title="bbox 145 2548 1204 2617; baseline 0.003 -19"><span class='ocrx_word' id='word_1_233' title='bbox 145 2549 265 2600; x_wconf 91' lang='lat' dir='ltr'>minores</span> <span class='ocrx_word' id='word_1_234' title='bbox 284 2553 402 2617; x_wconf 83' lang='lat' dir='ltr'>inerint,</span> <span class='ocrx_word' id='word_1_235' title='bbox 426 2554 573 2605; x_wconf 80' lang='lat' dir='ltr'>caesarem</span> <span class='ocrx_word' id='word_1_236' title='bbox 597 2552 781 2605; x_wconf 78' lang='lat' dir='ltr'>Lemovicum</span> <span class='ocrx_word' id='word_1_237' title='bbox 796 2548 1020 2602; x_wconf 79' lang='lat' dir='ltr'>Armorieorum</span> <span class='ocrx_word' id='word_1_238' title='bbox 1044 2548 1204 2615; x_wconf 72' lang='lat' dir='ltr'>scripsisse,</span> 
     </span>
     <span class='ocr_line' id='line_1_27' title="bbox 144 2617 1204 2685; baseline -0.001 -17"><span class='ocrx_word' id='word_1_239' title='bbox 144 2617 268 2668; x_wconf 88' lang='lat' dir='ltr'>librariis</span> <span class='ocrx_word' id='word_1_240' title='bbox 286 2625 377 2670; x_wconf 86' lang='lat' dir='ltr'>autern</span> <span class='ocrx_word' id='word_1_241' title='bbox 395 2622 554 2673; x_wconf 72' lang='lat' dir='ltr'>austeram</span> <span class='ocrx_word' id='word_1_242' title='bbox 574 2623 602 2675; x_wconf 88' lang='lat' dir='ltr'>lu</span> <span class='ocrx_word' id='word_1_243' title='bbox 622 2624 778 2685; x_wconf 79' lang='lat' dir='ltr'>archetypo</span> <span class='ocrx_word' id='word_1_244' title='bbox 800 2618 913 2682; x_wconf 85' lang='lat' dir='ltr'>ancipiti</span> <span class='ocrx_word' id='word_1_245' title='bbox 934 2620 997 2670; x_wconf 91' lang='lat' dir='ltr'>loco</span> <span class='ocrx_word' id='word_1_246' title='bbox 1014 2617 1204 2670; x_wconf 71' lang='lat' dir='ltr'>interserens</span> 
     </span>
     <span class='ocr_line' id='line_1_28' title="bbox 144 2686 1203 2757; baseline 0.004 -21"><span class='ocrx_word' id='word_1_247' title='bbox 144 2687 261 2749; x_wconf 86' lang='lat' dir='ltr'>positam</span> <span class='ocrx_word' id='word_1_248' title='bbox 279 2691 395 2748; x_wconf 81' lang='lat' dir='ltr'>(coedes</span> <span class='ocrx_word' id='word_1_249' title='bbox 412 2691 500 2741; x_wconf 74' lang='lat' dir='ltr'>sedat.</span> <span class='ocrx_word' id='word_1_250' title='bbox 530 2703 676 2757; x_wconf 74' lang='lat' dir='ltr'>perperam</span> <span class='ocrx_word' id='word_1_251' title='bbox 693 2692 731 2743; x_wconf 82' lang='lat' dir='ltr'>ad</span> <span class='ocrx_word' id='word_1_252' title='bbox 750 2688 828 2741; x_wconf 91' lang='lat' dir='ltr'>ducis</span> <span class='ocrx_word' id='word_1_253' title='bbox 844 2700 942 2740; x_wconf 87' lang='lat' dir='ltr'>nomen</span> <span class='ocrx_word' id='word_1_254' title='bbox 958 2686 1098 2751; x_wconf 89' lang='lat' dir='ltr'>pertinere</span> <span class='ocrx_word' id='word_1_255' title='bbox 1113 2688 1203 2740; x_wconf 84' lang='lat' dir='ltr'>visan</span> 
     </span>
    </p>

    <p class='ocr_par' dir='ltr' id='par_1_5' title="bbox 144 2758 1204 3097">
     <span class='ocr_line' id='line_1_29' title="bbox 282 2758 522 2817; baseline 0 -8"><span class='ocrx_word' id='word_1_256' title='bbox 282 2760 378 2810; x_wconf 82' lang='lat' dir='ltr'>cirum</span> <span class='ocrx_word' id='word_1_257' title='bbox 394 2758 522 2817; x_wconf 71' lang='lat' dir='ltr'>armor.)</span> 
     </span>
     <span class='ocr_line' id='line_1_30' title="bbox 147 2822 1203 2891; baseline 0.001 -17"><span class='ocrx_word' id='word_1_258' title='bbox 147 2828 176 2875; x_wconf 89' lang='lat' dir='ltr'>et</span> <span class='ocrx_word' id='word_1_259' title='bbox 194 2828 244 2878; x_wconf 90' lang='lat' dir='ltr'>boc</span> <span class='ocrx_word' id='word_1_260' title='bbox 262 2836 290 2877; x_wconf 85' lang='lat' dir='ltr'>et</span> <span class='ocrx_word' id='word_1_261' title='bbox 308 2828 400 2891; x_wconf 89' lang='lat' dir='ltr'>populi</span> <span class='ocrx_word' id='word_1_262' title='bbox 419 2840 514 2879; x_wconf 79' lang='lat' dir='ltr'>nomen</span> <span class='ocrx_word' id='word_1_263' title='bbox 532 2824 723 2889; x_wconf 86' lang='lat' dir='ltr'>corrumpendi</span> <span class='ocrx_word' id='word_1_264' title='bbox 746 2827 920 2877; x_wconf 80' lang='lat' dir='ltr'>occasionem</span> <span class='ocrx_word' id='word_1_265' title='bbox 943 2822 1120 2888; x_wconf 74' lang='lat' dir='ltr'>praebuisse,</span> <span class='ocrx_word' id='word_1_266' title='bbox 1146 2823 1203 2875; x_wconf 80' lang='lat' dir='ltr'>Le-</span> 
     </span>
     <span class='ocr_line' id='line_1_31' title="bbox 147 2890 1204 2955; baseline -0.004 -9"><span class='ocrx_word' id='word_1_267' title='bbox 147 2897 290 2948; x_wconf 83' lang='lat' dir='ltr'>mouicum</span> <span class='ocrx_word' id='word_1_268' title='bbox 306 2906 376 2948; x_wconf 86' lang='lat' dir='ltr'>vero</span> <span class='ocrx_word' id='word_1_269' title='bbox 396 2898 431 2949; x_wconf 91' lang='lat' dir='ltr'>ab</span> <span class='ocrx_word' id='word_1_270' title='bbox 450 2897 544 2947; x_wconf 88' lang='lat' dir='ltr'>iisdem</span> <span class='ocrx_word' id='word_1_271' title='bbox 563 2907 664 2947; x_wconf 80' lang='lat' dir='ltr'>temere</span> <span class='ocrx_word' id='word_1_272' title='bbox 681 2895 812 2947; x_wconf 87' lang='lat' dir='ltr'>omissum</span> <span class='ocrx_word' id='word_1_273' title='bbox 830 2896 865 2945; x_wconf 87' lang='lat' dir='ltr'>ab</span> <span class='ocrx_word' id='word_1_274' title='bbox 891 2893 1007 2943; x_wconf 88' lang='lat' dir='ltr'>alterius</span> <span class='ocrx_word' id='word_1_275' title='bbox 1032 2890 1204 2955; x_wconf 73' lang='lat' dir='ltr'>recensionis</span> 
     </span>
     <span class='ocr_line' id='line_1_32' title="bbox 147 2960 1204 3033; baseline -0.002 -18"><span class='ocrx_word' id='word_1_276' title='bbox 147 2967 261 3016; x_wconf 87' lang='lat' dir='ltr'>auctore</span> <span class='ocrx_word' id='word_1_277' title='bbox 292 2969 380 3019; x_wconf 86' lang='lat' dir='ltr'>solum</span> <span class='ocrx_word' id='word_1_278' title='bbox 409 2974 567 3033; x_wconf 84' lang='lat' dir='ltr'>receptum,</span> <span class='ocrx_word' id='word_1_279' title='bbox 595 2966 714 3019; x_wconf 83' lang='lat' dir='ltr'>aiterum</span> <span class='ocrx_word' id='word_1_280' title='bbox 744 2967 775 3015; x_wconf 90' lang='lat' dir='ltr'>ut</span> <span class='ocrx_word' id='word_1_281' title='bbox 803 2964 961 3027; x_wconf 87' lang='lat' dir='ltr'>corruptum</span> <span class='ocrx_word' id='word_1_282' title='bbox 992 2960 1111 3017; x_wconf 87' lang='lat' dir='ltr'>deletum</span> <span class='ocrx_word' id='word_1_283' title='bbox 1140 2974 1204 3013; x_wconf 86' lang='lat' dir='ltr'>esse</span> 
     </span>
     <span class='ocr_line' id='line_1_33' title="bbox 144 3034 667 3097; baseline -0.004 -12"><span class='ocrx_word' id='word_1_284' title='bbox 144 3034 277 3097; x_wconf 86' lang='lat' dir='ltr'>suspicor.</span> <span class='ocrx_word' id='word_1_285' title='bbox 515 3086 517 3091; x_wconf 78' lang='grc'>,</span> <span class='ocrx_word' id='word_1_286' title='bbox 664 3040 667 3045; x_wconf 74' lang='grc'>’</span> 
     </span>
    </p>

    <p class='ocr_par' dir='ltr' id='par_1_6' title="bbox 181 3098 911 3165">
     <span class='ocr_line' id='line_1_34' title="bbox 181 3098 911 3165; baseline -0.005 -11"><span class='ocrx_word' id='word_1_287' title='bbox 181 3102 462 3165; x_wconf 83' lang='lat' dir='ltr'>Vercasivellaunus]</span> <span class='ocrx_word' id='word_1_288' title='bbox 486 3099 531 3154; x_wconf 83' lang='lat' dir='ltr'>ct.</span> <span class='ocrx_word' id='word_1_289' title='bbox 551 3102 613 3157; x_wconf 90' lang='lat' dir='ltr'>adu.</span> <span class='ocrx_word' id='word_1_290' title='bbox 632 3114 672 3153; x_wconf 86' lang='lat' dir='ltr'>cr.</span> <span class='ocrx_word' id='word_1_291' title='bbox 689 3101 724 3155; x_wconf 85' lang='lat' dir='ltr'>ad</span> <span class='ocrx_word' id='word_1_292' title='bbox 743 3112 768 3155; x_wconf 86' lang='lat' dir='ltr'>o.</span> <span class='ocrx_word' id='word_1_293' title='bbox 786 3102 822 3156; x_wconf 79' lang='grc'>76</span> <span class='ocrx_word' id='word_1_294' title='bbox 841 3098 868 3161; x_wconf 76' lang='lat' dir='ltr'>s.</span> <span class='ocrx_word' id='word_1_295' title='bbox 886 3103 911 3151; x_wconf 81' lang='lat'>3.</span> 
     </span>
    </p>
   </div>
   <div class='ocr_carea' id='block_1_5' title="bbox 109 3270 1255 4241">
    <p class='ocr_par' dir='ltr' id='par_1_7' title="bbox 109 3270 1255 4241">
     <span class='ocr_line' id='line_1_35' title="bbox 162 3270 1205 3340; baseline 0 -15"><span class='ocrx_word' id='word_1_296' title='bbox 162 3272 189 3334; x_wconf 75' lang='lat' dir='ltr'>S.</span> <span class='ocrx_word' id='word_1_297' title='bbox 207 3271 227 3325; x_wconf 77' lang='lat'>4</span> <span class='ocrx_word' id='word_1_298' title='bbox 249 3274 329 3336; x_wconf 67' lang='lat' dir='ltr'>sigua</span> <span class='ocrx_word' id='word_1_299' title='bbox 344 3271 489 3340; x_wconf 83' lang='lat' dir='ltr'>militaris]</span> <span class='ocrx_word' id='word_1_300' title='bbox 512 3273 556 3326; x_wconf 61' lang='lat' dir='ltr'>(ii,</span> <span class='ocrx_word' id='word_1_301' title='bbox 573 3273 636 3325; x_wconf 74' lang='lat' dir='ltr'>adm</span> <span class='ocrx_word' id='word_1_302' title='bbox 678 3275 752 3324; x_wconf 75' lang='lat' dir='ltr'>etun</span> <span class='ocrx_word' id='word_1_303' title='bbox 774 3284 838 3322; x_wconf 89' lang='lat' dir='ltr'>esse</span> <span class='ocrx_word' id='word_1_304' title='bbox 861 3271 954 3334; x_wconf 83' lang='lat' dir='ltr'>potest</span> <span class='ocrx_word' id='word_1_305' title='bbox 971 3270 1041 3335; x_wconf 72' lang='lat' dir='ltr'>quod</span> <span class='ocrx_word' id='word_1_306' title='bbox 1058 3271 1132 3333; x_wconf 83' lang='lat' dir='ltr'>apud</span> <span class='ocrx_word' id='word_1_307' title='bbox 1147 3270 1205 3325; x_wconf 77' lang='lat'>1³⁰.-</span> 
     </span>
     <span class='ocr_line' id='line_1_36' title="bbox 110 3339 1207 3409; baseline -0.002 -14"><span class='ocrx_word' id='word_1_308' title='bbox 110 3343 148 3395; x_wconf 84' lang='lat' dir='ltr'>sd</span> <span class='ocrx_word' id='word_1_309' title='bbox 165 3340 201 3409; x_wconf 71' lang='lat' dir='ltr'>l,</span> <span class='ocrx_word' id='word_1_310' title='bbox 222 3344 254 3396; x_wconf 83' lang='lat'>15</span> <span class='ocrx_word' id='word_1_311' title='bbox 275 3343 301 3404; x_wconf 80' lang='lat' dir='ltr'>S.</span> <span class='ocrx_word' id='word_1_312' title='bbox 322 3345 348 3394; x_wconf 88' lang='lat'>1.</span> <span class='ocrx_word' id='word_1_313' title='bbox 558 3378 561 3383; x_wconf 86' lang='lat'>-</span> <span class='ocrx_word' id='word_1_314' title='bbox 677 3343 810 3405; x_wconf 82' lang='lat' dir='ltr'>lyaennrn</span> <span class='ocrx_word' id='word_1_315' title='bbox 829 3348 891 3403; x_wconf 79' lang='lat' dir='ltr'>post</span> <span class='ocrx_word' id='word_1_316' title='bbox 912 3340 977 3404; x_wconf 82' lang='lat' dir='ltr'>illa,</span> <span class='ocrx_word' id='word_1_317' title='bbox 1000 3351 1071 3403; x_wconf 78' lang='lat' dir='ltr'>quae</span> <span class='ocrx_word' id='word_1_318' title='bbox 1089 3341 1125 3391; x_wconf 88' lang='lat' dir='ltr'>ad</span> <span class='ocrx_word' id='word_1_319' title='bbox 1143 3339 1207 3402; x_wconf 67' lang='lat' dir='ltr'>§.a</span> 
     </span>
     <span class='ocr_line' id='line_1_37' title="bbox 163 3400 1208 3476; baseline -0.002 -13"><span class='ocrx_word' id='word_1_320' title='bbox 163 3413 189 3474; x_wconf 79' lang='lat' dir='ltr'>S.</span> <span class='ocrx_word' id='word_1_321' title='bbox 207 3411 223 3463; x_wconf 86' lang='lat'><strong>5</strong></span> <span class='ocrx_word' id='word_1_322' title='bbox 242 3413 398 3473; x_wconf 77' lang='lat' dir='ltr'>Gallorum]</span> <span class='ocrx_word' id='word_1_323' title='bbox 423 3411 471 3476; x_wconf 76' lang='lat' dir='ltr'>qui</span> <span class='ocrx_word' id='word_1_324' title='bbox 486 3410 515 3463; x_wconf 87' lang='lat' dir='ltr'>in</span> <span class='ocrx_word' id='word_1_325' title='bbox 534 3410 638 3463; x_wconf 85' lang='lat' dir='ltr'>castris</span> <span class='ocrx_word' id='word_1_326' title='bbox 678 3409 896 3475; x_wconf 76' lang='lat' dir='ltr'>adscripsimus,</span> <span class='ocrx_word' id='word_1_327' title='bbox 926 3409 1045 3473; x_wconf 75' lang='lat' dir='ltr'>legitote</span> <span class='ocrx_word' id='word_1_328' title='bbox 1072 3400 1154 3465; x_wconf 71' lang='lat' dir='ltr'>ariade</span> <span class='ocrx_word' id='word_1_329' title='bbox 1169 3400 1208 3461; x_wconf 79' lang='lat' dir='ltr'>-ii</span> 
     </span>
     <span class='ocr_line' id='line_1_38' title="bbox 110 3470 1207 3547; baseline -0.005 -15"><span class='ocrx_word' id='word_1_330' title='bbox 110 3485 319 3546; x_wconf 85' lang='lat' dir='ltr'>remanserant,</span> <span class='ocrx_word' id='word_1_331' title='bbox 363 3495 424 3534; x_wconf 86' lang='lat' dir='ltr'>com</span> <span class='ocrx_word' id='word_1_332' title='bbox 463 3482 637 3546; x_wconf 84' lang='lat' dir='ltr'>reliquarum,</span> <span class='ocrx_word' id='word_1_333' title='bbox 679 3476 882 3545; x_wconf 65' lang='lat' dir='ltr'>appendere</span> <span class='ocrx_word' id='word_1_334' title='bbox 903 3470 1037 3547; x_wconf 59' lang='grc' dir='ltr'>ἡμέρας</span> <span class='ocrx_word' id='word_1_335' title='bbox 1056 3472 1207 3545; x_wconf 45' lang='lat' dir='ltr'>&amp;orasis</span> 
     </span>
     <span class='ocr_line' id='line_1_39' title="bbox 109 3543 1205 3618; baseline -0.001 -18"><span class='ocrx_word' id='word_1_336' title='bbox 109 3562 181 3614; x_wconf 77' lang='lat' dir='ltr'>quae</span> <span class='ocrx_word' id='word_1_337' title='bbox 202 3564 226 3604; x_wconf 92' lang='lat' dir='ltr'>c.</span> <span class='ocrx_word' id='word_1_338' title='bbox 244 3551 279 3602; x_wconf 78' lang='lat'>83</span> <span class='ocrx_word' id='word_1_339' title='bbox 297 3551 324 3612; x_wconf 75' lang='lat' dir='ltr'>s.</span> <span class='ocrx_word' id='word_1_340' title='bbox 341 3551 361 3602; x_wconf 86' lang='grc'><strong>8</strong></span> <span class='ocrx_word' id='word_1_341' title='bbox 377 3551 520 3618; x_wconf 85' lang='lat' dir='ltr'>dicuntur,</span> <span class='ocrx_word' id='word_1_342' title='bbox 544 3551 639 3612; x_wconf 86' lang='lat' dir='ltr'>copla·</span> <span class='ocrx_word' id='word_1_343' title='bbox 680 3544 814 3615; x_wconf 70' lang='grc' dir='ltr'>στρατιὰν</span> <span class='ocrx_word' id='word_1_344' title='bbox 836 3544 863 3603; x_wconf 81' lang='lat' dir='ltr'>s&#39;e</span> <span class='ocrx_word' id='word_1_345' title='bbox 887 3543 987 3612; x_wconf 64' lang='lat' dir='ltr'>puppe.</span> <span class='ocrx_word' id='word_1_346' title='bbox 1022 3548 1116 3599; x_wconf 70' lang='lat' dir='ltr'>Totins</span> <span class='ocrx_word' id='word_1_347' title='bbox 1133 3547 1205 3599; x_wconf 85' lang='lat' dir='ltr'>enim</span> 
     </span>
     <span class='ocr_line' id='line_1_40' title="bbox 110 3615 1207 3682; baseline -0.002 -13"><span class='ocrx_word' id='word_1_348' title='bbox 110 3633 173 3670; x_wconf 89' lang='lat' dir='ltr'>rum</span> <span class='ocrx_word' id='word_1_349' title='bbox 191 3632 258 3682; x_wconf 86' lang='lat' dir='ltr'>pars</span> <span class='ocrx_word' id='word_1_350' title='bbox 282 3625 316 3673; x_wconf 88' lang='lat' dir='ltr'>ad</span> <span class='ocrx_word' id='word_1_351' title='bbox 339 3620 491 3671; x_wconf 77' lang='lat' dir='ltr'>exteriores</span> <span class='ocrx_word' id='word_1_352' title='bbox 510 3619 638 3671; x_wconf 80' lang='lat' dir='ltr'>munitio·</span> <span class='ocrx_word' id='word_1_353' title='bbox 680 3618 735 3669; x_wconf 91' lang='lat' dir='ltr'>dlel</span> <span class='ocrx_word' id='word_1_354' title='bbox 748 3618 843 3669; x_wconf 84' lang='lat' dir='ltr'>labore</span> <span class='ocrx_word' id='word_1_355' title='bbox 861 3617 966 3667; x_wconf 75' lang='lat' dir='ltr'>defessi</span> <span class='ocrx_word' id='word_1_356' title='bbox 983 3615 1037 3667; x_wconf 81' lang='lat' dir='ltr'>nisi</span> <span class='ocrx_word' id='word_1_357' title='bbox 1054 3615 1099 3681; x_wconf 84' lang='lat' dir='ltr'>qui</span> <span class='ocrx_word' id='word_1_358' title='bbox 1115 3626 1134 3665; x_wconf 90' lang='lat' dir='ltr'>a</span> <span class='ocrx_word' id='word_1_359' title='bbox 1146 3616 1207 3681; x_wconf 88' lang='lat' dir='ltr'>prl-</span> 
     </span>
     <span class='ocr_line' id='line_1_41' title="bbox 110 3684 1208 3754; baseline 0.003 -16"><span class='ocrx_word' id='word_1_360' title='bbox 110 3702 180 3754; x_wconf 89' lang='lat' dir='ltr'>nes,</span> <span class='ocrx_word' id='word_1_361' title='bbox 204 3701 274 3754; x_wconf 83' lang='lat' dir='ltr'>quae</span> <span class='ocrx_word' id='word_1_362' title='bbox 298 3691 334 3740; x_wconf 84' lang='lat' dir='ltr'>ad</span> <span class='ocrx_word' id='word_1_363' title='bbox 359 3692 454 3740; x_wconf 84' lang='lat' dir='ltr'>castra</span> <span class='ocrx_word' id='word_1_364' title='bbox 472 3689 587 3740; x_wconf 77' lang='lat' dir='ltr'>Antistii</span> <span class='ocrx_word' id='word_1_365' title='bbox 609 3697 638 3739; x_wconf 87' lang='lat' dir='ltr'>et</span> <span class='ocrx_word' id='word_1_366' title='bbox 680 3698 725 3738; x_wconf 88' lang='lat' dir='ltr'>mo</span> <span class='ocrx_word' id='word_1_367' title='bbox 748 3697 828 3739; x_wconf 73' lang='lat' dir='ltr'>mane</span> <span class='ocrx_word' id='word_1_368' title='bbox 853 3687 1041 3750; x_wconf 78' lang='lat' dir='ltr'>pugnassent,</span> <span class='ocrx_word' id='word_1_369' title='bbox 1072 3684 1127 3737; x_wconf 86' lang='lat' dir='ltr'>dici</span> <span class='ocrx_word' id='word_1_370' title='bbox 1152 3697 1208 3741; x_wconf 81' lang='lat' dir='ltr'>noo</span> 
     </span>
     <span class='ocr_line' id='line_1_42' title="bbox 110 3754 1207 3826; baseline -0.005 -17"><span class='ocrx_word' id='word_1_371' title='bbox 110 3758 223 3813; x_wconf 81' lang='lat' dir='ltr'>caninii</span> <span class='ocrx_word' id='word_1_372' title='bbox 242 3760 423 3826; x_wconf 78' lang='lat' dir='ltr'>pertinerent,</span> <span class='ocrx_word' id='word_1_373' title='bbox 448 3758 560 3809; x_wconf 80' lang='lat' dir='ltr'>adisset.</span> <span class='ocrx_word' id='word_1_374' title='bbox 601 3756 637 3809; x_wconf 82' lang='lat' dir='ltr'>lli</span> <span class='ocrx_word' id='word_1_375' title='bbox 680 3754 801 3818; x_wconf 84' lang='lat' dir='ltr'>potuisse</span> <span class='ocrx_word' id='word_1_376' title='bbox 820 3755 990 3807; x_wconf 83' lang='lat' dir='ltr'>ridebantur.</span> <span class='ocrx_word' id='word_1_377' title='bbox 1024 3756 1125 3813; x_wconf 60' lang='lat' dir='ltr'>Temen</span> <span class='ocrx_word' id='word_1_378' title='bbox 1147 3768 1207 3805; x_wconf 89' lang='lat' dir='ltr'>me-</span> 
     </span>
     <span class='ocr_line' id='line_1_43' title="bbox 110 3824 1255 3891; baseline -0.002 -12"><span class='ocrx_word' id='word_1_379' title='bbox 110 3841 186 3879; x_wconf 86' lang='lat' dir='ltr'>nunc</span> <span class='ocrx_word' id='word_1_380' title='bbox 208 3841 269 3883; x_wconf 84' lang='lat' dir='ltr'>cum</span> <span class='ocrx_word' id='word_1_381' title='bbox 298 3829 397 3891; x_wconf 87' lang='lat' dir='ltr'>paucis</span> <span class='ocrx_word' id='word_1_382' title='bbox 427 3828 501 3890; x_wconf 87' lang='lat' dir='ltr'>illis,</span> <span class='ocrx_word' id='word_1_383' title='bbox 532 3826 638 3891; x_wconf 82' lang='lat' dir='ltr'>quiex</span> <span class='ocrx_word' id='word_1_384' title='bbox 680 3824 750 3876; x_wconf 86' lang='lat' dir='ltr'>ridie</span> <span class='ocrx_word' id='word_1_385' title='bbox 767 3826 871 3877; x_wconf 80' lang='lat' dir='ltr'>demum</span> <span class='ocrx_word' id='word_1_386' title='bbox 891 3827 928 3877; x_wconf 88' lang='lat' dir='ltr'>ad</span> <span class='ocrx_word' id='word_1_387' title='bbox 942 3824 1108 3887; x_wconf 83' lang='lat' dir='ltr'>superiores·</span> <span class='ocrx_word' id='word_1_388' title='bbox 1118 3824 1208 3877; x_wconf 87' lang='lat' dir='ltr'>munl-</span> <span class='ocrx_word' id='word_1_389' title='bbox 1249 3840 1255 3853; x_wconf 77' lang='grc'><strong><em>·</em></strong></span> 
     </span>
     <span class='ocr_line' id='line_1_44' title="bbox 110 3888 1208 3958; baseline -0.002 -11"><span class='ocrx_word' id='word_1_390' title='bbox 110 3898 221 3958; x_wconf 88' lang='lat' dir='ltr'>proelio</span> <span class='ocrx_word' id='word_1_391' title='bbox 244 3899 394 3951; x_wconf 86' lang='lat' dir='ltr'>incolumes</span> <span class='ocrx_word' id='word_1_392' title='bbox 424 3909 457 3949; x_wconf 89' lang='lat' dir='ltr'>se</span> <span class='ocrx_word' id='word_1_393' title='bbox 485 3897 524 3947; x_wconf 91' lang='lat' dir='ltr'>in.</span> <span class='ocrx_word' id='word_1_394' title='bbox 544 3902 639 3949; x_wconf 71' lang='lat' dir='ltr'>cosma</span> <span class='ocrx_word' id='word_1_395' title='bbox 681 3895 771 3947; x_wconf 84' lang='lat' dir='ltr'>tiones</span> <span class='ocrx_word' id='word_1_396' title='bbox 790 3892 908 3957; x_wconf 77' lang='lat' dir='ltr'>pugnari</span> <span class='ocrx_word' id='word_1_397' title='bbox 932 3901 1060 3956; x_wconf 71' lang='lat' dir='ltr'>coeptu·¹</span> <span class='ocrx_word' id='word_1_398' title='bbox 1080 3890 1110 3955; x_wconf 78' lang='lat' dir='ltr'>ei</span> <span class='ocrx_word' id='word_1_399' title='bbox 1135 3888 1208 3945; x_wconf 88' lang='lat' dir='ltr'>Ver-</span> 
     </span>
     <span class='ocr_line' id='line_1_45' title="bbox 111 3963 1208 4033; baseline -0.004 -15"><span class='ocrx_word' id='word_1_400' title='bbox 111 3971 289 4033; x_wconf 80' lang='lat' dir='ltr'>receperant,</span> <span class='ocrx_word' id='word_1_401' title='bbox 307 3969 401 4032; x_wconf 76' lang='lat' dir='ltr'>lugam</span> <span class='ocrx_word' id='word_1_402' title='bbox 417 3969 574 4029; x_wconf 79' lang='lat' dir='ltr'>capessunt·</span> <span class='ocrx_word' id='word_1_403' title='bbox 682 3963 877 4027; x_wconf 77' lang='lat' dir='ltr'>cingetorigem</span> <span class='ocrx_word' id='word_1_404' title='bbox 896 3975 1017 4029; x_wconf 79' lang='lat' dir='ltr'>quoque,</span> <span class='ocrx_word' id='word_1_405' title='bbox 1034 3975 1095 4013; x_wconf 88' lang='lat' dir='ltr'>corn</span> <span class='ocrx_word' id='word_1_406' title='bbox 1107 3976 1144 4014; x_wconf 82' lang='lat' dir='ltr'>ex</span> <span class='ocrx_word' id='word_1_407' title='bbox 1156 3975 1208 4025; x_wconf 89' lang='lat' dir='ltr'>op·</span> 
     </span>
     <span class='ocr_line' id='line_1_46' title="bbox 164 4031 1210 4104; baseline -0.006 -17"><span class='ocrx_word' id='word_1_408' title='bbox 164 4037 222 4098; x_wconf 70' lang='lat'>§.6</span> <span class='ocrx_word' id='word_1_409' title='bbox 240 4035 400 4104; x_wconf 80' lang='lat' dir='ltr'>Quodnisi]</span> <span class='ocrx_word' id='word_1_410' title='bbox 418 4036 462 4089; x_wconf 83' lang='lat' dir='ltr'>ci·</span> <span class='ocrx_word' id='word_1_411' title='bbox 478 4036 542 4089; x_wconf 83' lang='lat' dir='ltr'>ado.</span> <span class='ocrx_word' id='word_1_412' title='bbox 559 4035 595 4087; x_wconf 88' lang='lat' dir='ltr'>ad</span> <span class='ocrx_word' id='word_1_413' title='bbox 611 4037 639 4100; x_wconf 75' lang='lat' dir='ltr'>d,</span> <span class='ocrx_word' id='word_1_414' title='bbox 682 4032 744 4096; x_wconf 88' lang='lat' dir='ltr'>pido</span> <span class='ocrx_word' id='word_1_415' title='bbox 759 4035 945 4096; x_wconf 81' lang='lat' dir='ltr'>egrederetur,</span> <span class='ocrx_word' id='word_1_416' title='bbox 962 4042 1044 4096; x_wconf 89' lang='lat' dir='ltr'>suos,</span> <span class='ocrx_word' id='word_1_417' title='bbox 1061 4031 1108 4094; x_wconf 84' lang='lat' dir='ltr'>qui</span> <span class='ocrx_word' id='word_1_418' title='bbox 1123 4043 1210 4094; x_wconf 79' lang='lat' dir='ltr'>osque</span> 
     </span>
     <span class='ocr_line' id='line_1_47' title="bbox 110 4100 1210 4167; baseline -0.003 -9"><span class='ocrx_word' id='word_1_419' title='bbox 110 4108 148 4158; x_wconf 75' lang='grc'>23</span> <span class='ocrx_word' id='word_1_420' title='bbox 165 4105 192 4167; x_wconf 72' lang='lat' dir='ltr'>s.</span> <span class='ocrx_word' id='word_1_421' title='bbox 211 4109 239 4160; x_wconf 87' lang='grc'>7.</span> <span class='ocrx_word' id='word_1_422' title='bbox 683 4103 720 4153; x_wconf 87' lang='lat' dir='ltr'>ad</span> <span class='ocrx_word' id='word_1_423' title='bbox 735 4101 875 4154; x_wconf 88' lang='lat' dir='ltr'>meridiem</span> <span class='ocrx_word' id='word_1_424' title='bbox 892 4100 990 4165; x_wconf 80' lang='lat' dir='ltr'>partlm</span> <span class='ocrx_word' id='word_1_425' title='bbox 1007 4105 1070 4166; x_wconf 84' lang='lat' dir='ltr'>post</span> <span class='ocrx_word' id='word_1_426' title='bbox 1092 4104 1210 4155; x_wconf 69' lang='lat' dir='ltr'>nonte-</span> 
     </span>
     <span class='ocr_line' id='line_1_48' title="bbox 165 4169 1210 4241; baseline -0.001 -13"><span class='ocrx_word' id='word_1_427' title='bbox 165 4175 249 4231; x_wconf 82' lang='lat' dir='ltr'>ootios</span> <span class='ocrx_word' id='word_1_428' title='bbox 275 4174 331 4228; x_wconf 89' lang='lat' dir='ltr'>dlel</span> <span class='ocrx_word' id='word_1_429' title='bbox 354 4172 463 4241; x_wconf 81' lang='lat' dir='ltr'>labore]</span> <span class='ocrx_word' id='word_1_430' title='bbox 492 4171 564 4227; x_wconf 81' lang='lat' dir='ltr'>ilino</span> <span class='ocrx_word' id='word_1_431' title='bbox 587 4173 641 4227; x_wconf 81' lang='lat' dir='ltr'>do-</span> <span class='ocrx_word' id='word_1_432' title='bbox 684 4170 850 4239; x_wconf 83' lang='lat' dir='ltr'>ismiesene,</span> <span class='ocrx_word' id='word_1_433' title='bbox 871 4170 970 4235; x_wconf 77' lang='lat' dir='ltr'>partis</span> <span class='ocrx_word' id='word_1_434' title='bbox 995 4169 1098 4229; x_wconf 72' lang='lat' dir='ltr'>mauis</span> <span class='ocrx_word' id='word_1_435' title='bbox 1115 4180 1148 4221; x_wconf 88' lang='lat' dir='ltr'>se</span> <span class='ocrx_word' id='word_1_436' title='bbox 1165 4174 1210 4227; x_wconf 79' lang='lat' dir='ltr'>te-</span> 
     </span>
    </p>
   </div>
   <div class='ocr_carea' id='block_1_6' title="bbox 0 0 1359 4726">
    <p class='ocr_par' dir='ltr' id='par_1_8' title="bbox 0 0 1359 4726">
     <span class='ocr_line' id='line_1_49' title="bbox 0 0 1359 4726; baseline 0 0"><span class='ocrx_word' id='word_1_437' title='bbox 0 0 1359 4726; x_wconf 95' lang='lat' dir='ltr'> </span> 
     </span>
    </p>
   </div>
  </div>
 </body>
</html>
