2700 4726
399 259 502 333 ele.
526 260 625 333 vu..
664 260 766 334 cle
797 244 848 339 e}
1087 264 1154 347 aaa

159 358 172 389 Ι

65 460 132 523 tem
154 446 357 541 equitatum,
379 471 478 539 quem
500 450 617 518 multis
636 456 714 517 ante
731 449 854 519 diehne
868 471 907 519 eo
918 449 1155 542 praemiserat,

63 563 174 627 neque
198 540 321 606 diurno
341 561 449 626 neque
471 547 633 605 nocturno
649 538 770 606 itinere
785 540 980 608 intermisse
995 540 1154 628 pertines

57 628 285 699 Haeduorum
315 631 350 692 in
375 627 546 715 Lingones
576 627 766 708 contendit,
800 629 862 694 ubi
890 629 977 695 duae
1000 627 1153 712 legiones

63 718 276 795 hiemabant,
297 723 353 794 ut,
376 717 407 781 si
429 715 510 802 quid
532 715 634 780 etiam
655 713 697 780 de
719 737 781 780 sua
802 717 914 795 salute
936 717 978 781 ab
998 713 1153 782 Haeduis

64 807 214 872 iniretur
235 804 388 883 consilii,
421 803 597 869 celeritate
620 812 865 890 praecurreret.
907 802 1053 870 Eccum
1074 825 1152 890 per·
1175 801 1198 869 ⁶

63 893 234 974 venisset,
257 890 300 955 ad
324 892 475 976 reliquas
493 891 644 973 legiones
665 891 772 956 mittit
795 892 956 979 priusque
981 912 1096 957 omnes
1117 893 1155 958 in

62 1001 167 1048 nuum
184 980 296 1047 locum
319 980 421 1065 cogit,
444 977 607 1065 quamde
629 978 703 1044 eius
725 976 870 1046 adventu
886 981 1055 1048 Arvernis
1068 994 1154 1047 uuu-

131 1155 161 1217 s.
181 1152 201 1207 4
215 1153 270 1215 Ibi]
290 1153 357 1205 inde
374 1153 469 1205 ΟΜ.
480 1152 511 1205 0.
525 1157 590 1207 Urs.
605 1156 677 1206 llav.
689 1156 723 1205 A
734 1154 818 1206 vind.
830 1160 863 1207 A.
880 1157 952 1218 qnod
966 1156 1036 1207 terri
1053 1158 1155 1220 potest.

130 1223 267 1290 nanctus]
285 1226 371 1289 Bong.
393 1228 426 1274 A.
445 1226 473 1274 et
493 1235 511 1274 a
530 1238 568 1275 m.
587 1238 630 1286 pr.
649 1222 712 1275 Par.
731 1228 764 1274 A.
784 1226 863 1277 cuius
883 1227 1052 1277 auctoritate
1070 1239 1161 1277 acces
1243 1268 1247 1277 ,

95 1297 181 1346 dente
207 1296 244 1345 ad
262 1305 314 1356 ea,
336 1294 453 1356 quaein
472 1295 534 1344 adn.
553 1306 593 1344 cr.
613 1295 649 1344 ad
666 1291 693 1358 A,
711 1296 745 1341 36
765 1293 792 1354 S.
812 1299 829 1346 3
850 1296 978 1363 ostendi,
1010 1298 1154 1360 vulgatum

94 1367 203 1416 nactas
223 1363 323 1426 (vind.
342 1365 372 1415 G.
391 1366 489 1422 actas)
506 1366 614 1414 mutare
630 1376 686 1414 non
704 1363 838 1414 dubitavi.
871 1366 964 1414 Etiam
982 1364 1013 1416 in
1031 1368 1155 1417 Senecae

94 1435 235 1556 {epistolis
260 1433 385 1485 codicem
412 1435 544 1495 optimum
568 1447 588 1484 n
611 1433 685 1483 tueri
703 1434 824 1503 testatur
839 1433 989 1486 Fickertus
1006 1437 1042 1486 ad
1059 1437 1111 1500 Ep.
1126 1439 1155 1501 2,

128 1537 250 1632 cesum.
271 1572 340 1623 0ud.
359 1576 385 1623 2.

128 1643 292 1694 intermisse
311 1644 374 1704 per]
393 1641 514 1694 inermis
530 1652 620 1705 saper
638 1640 723 1691 Vind.
739 1644 774 1691 A.

127 1714 288 1776 Lingones]
311 1711 436 1776 Lipares
462 1711 545 1762 vind.
571 1710 600 1760 G.
619 1711 649 1764 P.
667 1714 742 1762 illan.
762 1707 825 1761 Alc.
841 1713 867 1761 b.
885 1709 1051 1778 Linquentes
1068 1713 1153 1764 Vind.

92 1783 128 1832 A·
146 1782 297 1848 Linponee
315 1783 364 1831 Dr.
381 1783 412 1832 Β.
431 1783 515 1834 Vind.
535 1780 568 1831 ll.
588 1779 631 1830 Gi.
652 1784 680 1829 et
700 1781 764 1830 hinc
782 1783 948 1842 suppleatur
972 1784 1036 1833 adn.
1057 1796 1096 1834 cr.
1116 1785 1153 1834 ad

119 1852 221 1977 'duaci
241 1921 327 1982 Beng.
345 1912 379 1965 A
399 1920 471 1969 llav.
490 1922 524 1969 A.
543 1917 618 1968 eote.
641 1919 709 1969 er.
726 1916 776 1969 Dr.
794 1919 851 1967 AB.
870 1918 952 1970 Vrat.
972 1920 1049 1972 ABG.
1070 1922 1153 1973 sote.

92 1990 125 2040 B.
144 1991 243 2040 Hamb.
263 1988 345 2038 Vind.
364 1989 461 2039 Aul-¹1.
480 1990 542 2040 edd.
562 1992 627 2037 ante
645 1988 707 2037 Ald.
727 1989 752 2035 b.
772 1988 852 2035 Turr.
871 1999 927 2037 nou
944 1988 984 2037 ll.

129 2060 209 2123 quid]
228 2059 304 2124 qaod
326 2059 430 2124 „MSS
450 2059 477 2110 7.
494 2057 579 2108 inc.“
599 2057 675 2106 Gott.
696 2057 777 2107 Voss.
796 2058 832 2106 A.
850 2056 927 2120 Egm.
943 2056 1007 2107 Per.
1026 2060 1059 2108 A.
1078 2059 1150 2108 Har.

91 2130 127 2179 A.
149 2129 233 2179 Vrat.
252 2129 308 2178 AB.
530 2174 532 2179 ,
625 2137 628 2146 ·

128 2197 156 2258 s.
180 2198 255 2247 tile
274 2197 348 2254 cum]
368 2195 421 2246 laoc
437 2193 489 2245 uni
507 2194 592 2245 Vind.
611 2192 644 2246 A.

130 2264 220 2333 cogit]
240 2266 333 2333 eoepit
349 2267 435 2316 Voss.
455 2267 485 2314 B.
502 2262 587 2315 vind.
604 2267 638 2318 A.

113 2422 141 2484 s.
160 2418 180 2471 4
196 2423 337 2473 recentem
358 2417 524 2480 equitatum]
543 2419 588 2468 di·
629 2417 819 2481 accipiendum
838 2420 883 2469 eet
903 2419 987 2482 atque
1005 2418 1074 2470 illud
1092 2433 1117 2472 c.
1134 2424 1153 2471 6

61 2504 176 2542 versum
209 2494 244 2541 al)
269 2491 347 2555 illo,
369 2488 447 2538 cuius
472 2490 589 2553 cogendi
630 2489 657 2549 S.
683 2492 719 2555 4,
748 2487 795 2539 ubi
818 2503 900 2540 suam
918 2492 1043 2541 salutem
1062 2492 1155 2543 neiis

60 2574 148 2612 causa
179 2561 324 2611 discedere
348 2572 380 2608 se
402 2561 437 2614 ab
462 2561 588 2610 exercitu
630 2559 755 2623 quidem,
788 2560 835 2620 qlri
863 2559 949 2621 quieti
978 2560 1153 2627 viderentur,

60 2633 182 2683 dixerat.
308 2662 313 2667 -
629 2631 706 2678 recte
726 2628 858 2677 committi
875 2629 954 2692 dixit,
973 2631 1047 2693 quod
1062 2630 1155 2692 ipsum

111 2699 209 2751 multis
227 2701 294 2749 ante
312 2695 421 2756 diebus]
440 2709 475 2746 ex
493 2695 588 2763 ltalia,
629 2699 666 2747 ad
684 2699 814 2747 Haeduos
840 2699 1014 2759 potissimum
1040 2705 1154 2761 specte-

59 2771 91 2821 nt
118 2769 246 2828 videtur,
280 2766 469 2829 proficiscens,
511 2767 587 2816 Male
629 2769 686 2817 bat.
727 2764 855 2818 Ceterum
880 2769 916 2817 cf.
938 2770 1003 2819 adn.
1021 2770 1058 2820 ad
1074 2783 1098 2819 c.
1117 2770 1155 2820 10

59 2840 188 2890 Graecus
207 2832 287 2902 ὀλίγῳ
304 2831 438 2900 πρόσθεν.
630 2837 657 2896 S.
676 2840 702 2887 3.
738 2839 815 2896 erod
828 2838 863 2887 de
877 2838 1084 2900 praepositione
1096 2839 1155 2888 uti-

110 2911 159 2973 ut,
186 2907 212 2957 si
231 2907 296 2968 quid
312 2906 409 2963 etiam]
427 2903 470 2955 cl.
488 2905 521 2966 6,
552 2900 587 2953 Aa
629 2910 690 2962 tur,
712 2909 755 2956 rei
776 2907 952 2958 atrocitatem
969 2909 1040 2957 lenit
1057 2911 1155 2973 verbo,

60 2977 89 3038 s.
105 2981 138 3029 3:
168 2979 219 3037 eet,
236 2975 264 3026 si
282 2975 332 3038 qai
348 2976 435 3024 etiam
451 2975 482 3024 tn
497 2983 587 3035 prae·
630 2978 661 3024 ut
679 2974 778 3025 Cicero
795 2977 873 3028 Fam.
890 2980 917 3041 9,
937 2976 972 3027 24
989 2977 1016 3038 S.
1035 2979 1067 3027 1:
1086 2992 1154 3028 narn

59 3047 159 3099 centia
184 3059 216 3097 se
242 3046 449 3106 emanassent,
489 3045 588 3094 tamen
630 3048 661 3096 et
677 3045 783 3109 Aquini
800 3048 829 3096 et
846 3047 1039 3099 Fabrateriae
1056 3047 1154 3098 conse·-

59 3115 318 3181 lu'e-pereandcna
336 3114 499 3164 videretur.
628 3115 672 3169 lta.
686 3119 756 3165 sant
771 3115 847 3165 inita
863 3117 898 3175 ale
917 3129 972 3167 me.

112 3186 146 3236 dc
162 3197 215 3235 sua
225 3185 329 3244 salute]
344 3181 587 3249 PellunturAdol-
662 3187 870 3244 praecurreret]
882 3186 1020 3236 Notabilis
1032 3187 1153 3237 estmix-

59 3257 132 3318 pirus
150 3254 283 3317 Wagner
300 3255 328 3302 et
345 3253 504 3315 Lippertus,
524 3253 588 3300 dum
629 3253 660 3303 ta
676 3266 711 3301 ex
728 3255 844 3315 propria
863 3258 891 3304 et
904 3257 1094 3318 metaphorica
1108 3259 1154 3305 di-

58 3328 132 3375 lranc
151 3326 327 3374 Haeduorum
353 3323 470 3372 salutem
496 3322 587 3370 inter·
630 3322 701 3384 ctio,
721 3335 791 3385 quae
810 3324 928 3386 reliquis
944 3326 974 3375 in
990 3325 1062 3375 locis
1084 3326 1154 3377 sim-

58 3396 219 3458 areentur,
237 3406 292 3443 nou
303 3395 466 3454 reputantes
480 3391 523 3440 illi
536 3405 589 3440 ue·
629 3393 742 3454 pliciter
757 3395 872 3455 propria
888 3396 940 3444 eet.
975 3395 1020 3443 Ad
1036 3397 1154 3447 eundem

59 3477 116 3527 qne
126 3461 429 3514 celeritatecaesarern
440 3461 586 3512 taliacon-
628 3462 736 3511 medum
750 3463 914 3513 Germanico
927 3465 1013 3513 verbe
1029 3465 1169 3533 tetartem-

59 3534 128 3585 eilia
151 3533 236 3583 irrita
259 3532 377 3582 reddere
400 3544 490 3594 ueqrre
514 3541 586 3592 quae
629 3533 701 3601 quod
715 3533 903 3592 metaphorice
915 3532 970 3581 dici
983 3533 1065 3600 solet,
1083 3547 1153 3596 pro-

60 3603 96 3654 ed
112 3603 273 3654 libertatem
289 3603 506 3664 recuperandam
520 3612 586 3661 epe·
628 3601 718 3663 priam
743 3601 847 3650 addens
869 3601 1100 3664 significationem
1118 3605 1155 3656 de

59 3675 190 3733 cierent,
219 3684 254 3721 ea
278 3671 313 3721 de
332 3683 384 3722 sna
404 3673 498 3721 catate
516 3670 586 3720 inita
628 3682 671 3731 ec,
690 3671 737 3734 qui
752 3671 840 3720 eundo
856 3674 885 3720 et
897 3672 1060 3722 ambulando
1075 3675 1154 3734 peri·
1221 3696 1253 3733 ,l

59 3745 94 3793 cle
111 3741 238 3791 llaeduie
255 3741 350 3792 dicere
367 3740 501 3803 potuisse,
519 3739 586 3803 quin
628 3741 719 3790 culum
746 3738 850 3807 evitat,
881 3740 986 3790 dixeris
1011 3755 1037 3798 er
1053 3744 1153 3814 entgetpt
1228 3734 1230 3741 ’

58 3810 121 3876 ipse
138 3813 328 3863 Romanorum
354 3810 504 3862 amicitiam
527 3809 586 3858 illis
628 3811 668 3864 tet
689 3809 794 3879 (deicit.

57 3881 247 3944 perniciosam
289 3893 353 3929 esse
398 3879 586 3929 confiteretur.
681 3879 747 3940 §.5
784 3891 879 3929 omnes
903 3878 933 3929 in
955 3892 1039 3933 unum
1060 3882 1152 3934 lecum

58 3951 158 4002 Gallos
183 3950 293 4011 quidem
311 3964 334 3998 c.
355 3953 371 3999 2
391 3949 418 4010 S.
439 3949 454 3996 l
473 3951 502 3997 et
519 3948 587 3998 alibi
630 3951 715 4013 cogit]
735 3948 812 3998 llaec
830 3950 917 3998 verba
936 3948 1044 4002 durium
1061 3955 1152 4003 relin-

56 4033 232 4071 cemmunem
254 4022 377 4071 celetem
400 4023 472 4070 hanc
493 4014 586 4068 dicen·
630 4021 726 4081 quunt,
747 4021 838 4068 utrum
856 4019 885 4068 in
901 4017 1018 4072 hiberna
1035 4023 1152 4073 duarum

56 4093 101 4140 tes
126 4090 215 4153 iacit,
248 4089 293 4138 hic
318 4102 386 4140 vero
406 4101 456 4140 suo
476 4087 587 4139 nomine
628 4089 784 4152 legionum,
818 4100 888 4149 quac
916 4088 948 4139 in
977 4092 1151 4156 Lingonibus

53 4159 188 4226 loquitur.
227 4159 327 4224 ltaque
339 4159 520 4213 eodemmodo
534 4159 586 4210 loc
628 4159 724 4225 erant,
741 4156 866 4227 reliquae
885 4161 959 4225 octe,
976 4173 1013 4214 an
1027 4163 1062 4213 iu
1080 4160 1149 4213 reli·
1176 4216 1179 4227 ,
