2700 4726
72 412 113 427 ,ᾗ
190 313 258 384 sce
338 352 345 361 ,
446 256 1018 379 nannenonsrrrco

192 498 350 567 uentibus
373 496 416 565 ad
439 500 680 566 commissuras
702 501 894 587 pluteorum
917 502 1020 584 atquc
1043 493 1197 582 aggeris,
1219 495 1280 582 qui

194 606 368 652 ascensum
405 588 552 653 hostiurn
592 587 790 664 tardarent,
837 596 872 652 et
914 593 1027 650 turres
1067 591 1140 648 toto
1177 604 1282 671 opero

193 671 436 755 circumdedit,
474 697 560 761 quae
592 675 695 764 pedes
725 673 874 741 LXXX.
908 674 998 737 inter
1035 693 1072 736 ss
1100 672 1282 738 distarent.

192 765 249 832 ⁷3.
277 761 364 829 Erat
384 761 500 828 eodem
523 770 676 853 tempora
696 769 733 829 et
756 761 931 828 materiari
955 769 990 825 et
1019 759 1222 825 frumentari
1248 768 1283 824 et

264 967 387 1035 aggeris]
407 980 529 1033 appares
548 969 647 1031 „tiss
665 968 743 1019 multi
758 971 786 1020 et
803 968 870 1021 Edu.
889 963 958 1029 pp.“
975 966 1101 1016 Voss-A.
1116 963 1191 1017 Gott.
1206 964 1283 1026 iigm.

44 1072 50 1079 ,
114 1095 118 1105 Ι
228 1038 382 1088 110V.11bb·
400 1040 488 1087 Samo.
507 1037 592 1089 Gonu.
611 1040 692 1099 Bong.
705 1039 739 1087 A.
757 1039 822 1089 Par·
836 1042 869 1088 Α.
887 1039 974 1088 liaeo.
993 1037 1040 1087 Dr.
1054 1037 1110 1086 AB.
1129 1037 1210 1085 Vrat.
1226 1034 1284 1083 AB.

230 1097 312 1158 uoti.
331 1107 474 1158 B.11arnb.
522 1109 574 1156 ino.
595 1108 649 1159 CF.
668 1110 738 1157 Meo.
757 1119 785 1156 a.
801 1107 872 1158 Ven.
888 1106 979 1156 bodri.
1004 1106 1066 1157 Ber.
1084 1129 1119 1142 -
1154 1104 1185 1153 lu
1202 1102 1302 1154 Goth„

230 1179 265 1228 A.
287 1176 368 1241 peris
386 1201 421 1211 -
439 1188 488 1226 cae
541 1190 603 1227 com
620 1190 645 1226 c.
662 1178 697 1229 79
716 1176 742 1238 S.
762 1174 780 1225 4
798 1174 893 1225 excisa
910 1177 983 1228 suot.

264 1262 331 1324 Gap.
350 1262 395 1311 7³.
422 1261 486 1323 §.fl
507 1263 612 1322 eodem]
638 1263 709 1312 Anti.
729 1262 781 1315 ox.
801 1261 878 1311 Laid.
894 1260 929 1310 A.
956 1258 1028 1308 flav.
1045 1260 1079 1308 A.
1097 1254 1179 1308 Vino.
1199 1258 1232 1307 A.
1257 1259 1286 1306 et

229 1332 301 1381 teste
325 1328 485 1382 Achaiotrio
508 1330 613 1380 Parias.
638 1344 671 1381 eo
697 1332 764 1381 Lot.
790 1331 872 1382 Febr.
897 1330 981 1389 Boug.
998 1328 1032 1376 A·
1055 1327 1097 1377 ΡΙ.
1124 1327 1198 1378 uoti.
1216 1326 1285 1378 tint.

229 1398 293 1452 Par.
316 1403 350 1453 A.
374 1400 461 1451 Haeo.
487 1398 602 1459 (Genii.)
629 1399 675 1450 Dr.
695 1399 750 1456 Ao.
770 1401 851 1453 vrat
868 1396 926 1448 AB.
951 1396 1032 1447 Goth.
1050 1396 1080 1445 lt.
1105 1396 1205 1449 namo.
1230 1396 1283 1447 Gn.

120 1574 124 1582 ·
196 1567 308 1633 puertia
324 1569 437 1631 docent,
463 1567 567 1636 iisqne,
586 1578 617 1618 ut
634 1581 719 1631 sopra
814 1569 850 1621 uu
862 1566 1055 1618 commissuras
1071 1567 1221 1630 pluteorum
1237 1568 1288 1616 at-

181 1639 336 1702 ¹vidimus,
355 1649 459 1688 summo
476 1639 568 1701 aggeri
585 1636 719 1698 impositis
763 1650 815 1701 que
838 1637 962 1698 aggeris]
992 1635 1036 1686 ci.
1062 1637 1125 1687 aon.
1150 1637 1186 1686 ad
1208 1648 1232 1687 c.
1251 1633 1285 1685 25

196 1710 352 1767 constaret,
378 1719 478 1758 cervos
503 1720 562 1757 cum
588 1707 719 1758 interiore
762 1707 814 1768 §.1
836 1706 951 1758 Pistam
967 1706 991 1754 h.
1002 1706 1020 1754 i.
1033 1717 1082 1754 eos
1094 1705 1285 1767 intelligentior

195 1778 348 1839 pluteorum
366 1783 444 1835 perte
458 1777 616 1826 coniunctos
631 1775 719 1838 iisque
762 1785 845 1840 esse,
881 1775 978 1837 quibus
1014 1773 1100 1825 lorica
1133 1777 1285 1839 constaret,

197 1845 298 1896 aiflxos
309 1847 430 1893 statuere
445 1855 657 1896 consentaneum
667 1852 719 1895 est.
762 1845 927 1907 interpretes
961 1843 1142 1894 consentiunt.
1189 1844 1285 1906 Neque

195 1913 314 1976 Lipsius
334 1913 448 1962 Poliorc.
472 1917 505 1980 2,
526 1917 543 1964 2
568 1928 593 1974 p.
612 1915 648 1966 70
670 1925 720 1963 eos
763 1914 846 1965 aliter
861 1923 894 1962 eo
911 1912 1017 1962 nomine
1032 1913 1073 1961 uti
1090 1915 1197 1973 poterat
1211 1912 1284 1962 scri·

197 1985 276 2046 putat
305 2015 324 2047 ‚,
332 1982 360 2031 in
384 1981 517 2034 exteriore
544 1984 620 2034 vallo
650 1982 720 2033 emi·
762 1984 834 2052 pter,
853 1990 992 2046 postquem
1006 1981 1109 2031 loricae
1122 1981 1285 2031 mentionem

196 2051 310 2114 ruisse,
347 2051 467 2101 insertos
502 2051 573 2101 inter
605 2051 720 2104 ioricam
762 2055 887 2115 iecerat,
914 2052 1023 2114 pluteos
1042 2061 1111 2101 vero
1133 2051 1209 2100 vatio
1233 2063 1285 2101 nou

197 2121 316 2185 ligneam
334 2128 362 2169 et
382 2132 509 2185 aggerem
527 2119 632 2187 ipsum,
651 2121 719 2170 eim·
762 2118 938 2171 necessarios
953 2119 1043 2169 inisse
1055 2120 1117 2182 ipse
1135 2131 1159 2168 c.
1172 2116 1208 2169 41
1227 2116 1285 2179 §.4

196 2191 280 2252 piicis
298 2201 417 2242 coronae
436 2189 464 2240 in
482 2191 602 2240 modum:
622 2199 650 2239 et
665 2189 720 2240 vidi
763 2190 928 2239 ostenderet.
971 2187 1094 2238 Pertinet
1111 2190 1203 2239 sutem
1221 2190 1284 2251 plu·

196 2268 321 2324 agrestes
334 2267 443 2311 nostros
461 2259 572 2323 spineas
589 2257 720 2309 eiusmodi
763 2261 868 2309 trorum
886 2257 1105 2308 commemoratio
1129 2256 1227 2318 partim
1248 2257 1285 2306 ad

196 2329 367 2391 proiecturae
378 2328 407 2377 in
422 2327 513 2378 loricis
524 2327 622 2378 terreis
634 2328 720 2377 eidem
762 2327 867 2377 loricae
891 2326 1007 2390 figuram
1037 2326 1284 2391 demonstrandam,

197 2396 245 2447 nni
258 2392 422 2458 usurpare.“
446 2397 536 2447 Etiam
550 2396 720 2447 Gniscoard·
761 2394 861 2457 partim
878 2396 914 2446 ed
931 2406 1074 2445 cervorum
1091 2397 1183 2446 locum
1200 2407 1286 2446 accu-

197 2473 243 2515 tue
267 2464 349 2515 Mem.
372 2464 449 2515 milit.
474 2468 508 2528 1,
532 2465 587 2514 290
611 2464 719 2515 adiecta
761 2465 822 2513 rate
840 2454 1037 2526 definiendum
1063 2476 1131 2526 qnos
1148 2466 1185 2514 ad
1206 2477 1286 2515 com-

199 2534 306 2587 demum
325 2531 410 2583 lorica
432 2532 552 2583 insertos
572 2544 621 2582 eoe
639 2541 718 2593 puta·
761 2533 902 2583 mutares
918 2533 1085 2594 pluteorum
1101 2542 1182 2597 atque
1197 2547 1284 2598 agge-

199 2603 263 2653 ltata
279 2601 324 2650 Au
337 2599 386 2651 bos
400 2600 439 2652 du
451 2603 593 2666 peroret,
610 2602 630 2651 o
644 2599 719 2665 licita
762 2601 801 2651 ris
815 2601 934 2651 eminere
948 2601 1042 2651 dicens
1055 2603 1210 2665 vulgarium
1221 2605 1284 2667 plu-

200 2669 235 2721 dr
251 2681 321 2736 oros
338 2669 426 2730 pieac
444 2682 517 2721 noea
532 2673 613 2721 leurs
630 2670 720 2721 trau·
761 2678 866 2721 reorum
887 2671 1028 2731 admonet,
1048 2682 1116 2734 quos
1134 2672 1221 2722 ternis
1237 2685 1285 2722 ro-

199 2737 281 2805 ches,
307 2738 418 2790 toilie'as
440 2752 476 2790 eu
503 2739 601 2803 points
625 2742 654 2790 et
678 2752 719 2789 un
762 2738 827 2789 tuiis
844 2739 993 2789 instructos
1012 2741 1094 2791 tradit
1107 2740 1285 2805 vegetiori,

197 2804 720 2943 iiitiiinitiiof'iiiihi
761 2807 1287 2944 iittiittittistiiiiiiii

199 2946 267 2998 16οε
285 2945 325 2997 du
336 2944 391 2996 *tac
407 2945 444 2997 de
460 2957 492 2995 ce
508 2950 633 3010 porroet
650 2959 719 2997 sor·
761 2945 858 3010 aggeri
878 2947 990 2996 insertis
1008 2960 1063 3010 iper
1080 2952 1234 3000 niterentur
1256 2958 1285 3000 et

198 3015 257 3066 tot't
273 3015 348 3067 aaut
367 3017 448 3065 toute
471 3013 622 3066 l’eocet‘nte
640 3018 718 3067 cette
762 3015 952 3065 consisterent.
980 3018 1021 3065 Ac
1038 3018 1071 3067 de
1084 3017 1208 3078 partibus
1223 3019 1287 3082 qui-

196 3083 295 3209 βαίη
311 3084 348 3135 <ie
364 3085 524 3145 patescere
546 3097 617 3136 avec
636 3087 718 3135 terere
761 3085 873 3134 busdam
892 3084 1052 3151 pluteorum,
1070 3097 1140 3149 qnae
1157 3100 1206 3138 eos
1223 3101 1286 3139 cum

233 3150 337 3207 atcere
350 3151 460 3205 tomice
474 3152 633 3216 cocciores
643 3167 718 3206 eern—
760 3165 862 3217 aggere
880 3153 1089 3218 coniungerent,
1107 3168 1160 3206 non
1178 3161 1286 3208 tantum

196 3221 301 3273 Macies
318 3235 379 3272 ouo
399 3222 458 3272 bois
478 3222 514 3274 de
532 3224 616 3291 cers,
644 3223 717 3274 dont
760 3222 893 3285 deictis,
913 3223 1010 3283 quibus
1025 3224 1162 3274 coniuncti
1179 3235 1285 3293 essent,

197 3290 412 3344 eueettrcact
433 3291 501 3341 leur
516 3303 590 3349 nom.
620 3293 716 3350 (cuius
760 3297 808 3342 aut
825 3292 859 3341 de
877 3290 1064 3341 coniunctione
1080 3293 1142 3354 ipsa
1160 3295 1286 3358 cogitan-

193 3361 284 3421 ,verba
300 3359 547 3411 citansDtibnerus
564 3374 615 3422 pro
636 3360 717 3424 puin·
759 3361 823 3411 dum
847 3371 910 3408 esse
937 3360 1053 3418 pluralis
1079 3364 1286 3416 commissuras

196 3440 250 3492 pue
268 3428 397 3481 extremis
414 3428 507 3482 nescio
524 3440 578 3492 qua
595 3430 716 3480 auctori·
758 3428 861 3479 indicat
874 3426 915 3478 rei
931 3437 1078 3480 concretae
1090 3433 1226 3484 notionem
1240 3435 1285 3484 iu·
1346 3426 1348 3433 ’

196 3501 253 3547 tate
277 3498 368 3558 poenit
390 3495 611 3558 representans
632 3499 715 3549 tori·
760 3499 853 3548 ierens
878 3509 928 3546 nec
947 3492 1036 3549 iocum
1053 3499 1213 3563 relinquens
1231 3504 1284 3567 du-

194 3566 390 3621 zotttoletttent
406 3561 638 3623 ril’asauiliunt.)
663 3569 716 3618 Sed
757 3565 900 3632 bitationi,
924 3578 978 3630 qua
1000 3569 1156 3630 seynertos
1179 3572 1283 3635 ambigi

195 3635 229 3684 de
250 3635 340 3698 figura
363 3640 393 3685 et
419 3636 543 3696 partibus
569 3648 714 3686 cervorum
756 3646 838 3696 posse
858 3638 953 3701 putat,
972 3638 1061 3687 utrum
1078 3639 1116 3689 ad
1134 3645 1281 3703 praeposi-

191 3702 262 3753 nihil
280 3704 497 3766 contemneret,
521 3703 575 3754 nisi
603 3707 671 3768 qttod
695 3720 714 3756 a
758 3703 794 3754 tio
820 3704 962 3755 consilium
988 3707 1055 3763 (oen
1078 3709 1216 3775 zutok),
1243 3724 1280 3762 an

190 3771 379 3824 &mutuetur
401 3785 543 3824 cornuum
565 3773 646 3824 cerci
669 3774 712 3824 ui·
755 3771 915 3839 itiam‚quod
926 3775 1157 3839 apudeigniiicet.
1176 3779 1281 3841 Quam-

190 3843 253 3890 otos
270 3842 351 3892 docet
367 3843 458 3893 varro
472 3844 513 3893 De
531 3843 596 3908 ling.
616 3844 675 3893 Lat.
695 3845 711 3895 5
755 3845 931 3907 quamplura
949 3851 1028 3909 suut,
1046 3857 1118 3913 puae
1136 3849 1208 3899 hanc
1225 3851 1278 3899 du-

189 3907 306 3976 3.117,
330 3911 398 3971 quod
414 3910 476 3960 eiiii
494 3912 569 3962 locus
589 3912 639 3977 10,
657 3910 712 3963 rto
755 3911 913 3963 titutionem
931 3913 1039 3976 penitus
1060 3916 1168 3968 tollant.

19 4012 32 4023 .
94 3988 98 3993 ·
188 3976 347 4028 confirmate
366 3981 575 4043 omouepoter
592 3993 710 4044 comptas

186 4046 472 4112 phata-inpressione
487 4048 580 4112 boeti,
598 4051 709 4103 oeroo-
805 4052 862 4104 toto
880 4053 978 4116 opere]
1008 4053 1052 4108 Gi.
1071 4055 1135 4108 adu·
1153 4056 1188 4109 td
1207 4059 1276 4124 2,o

185 4125 255 4166 ruat
271 4116 409 4168 ambustis
425 4117 583 4171 imitantur
595 4133 708 4173 corrosa
751 4115 778 4180 S.
802 4123 840 4172 2:

182 4184 287 4243 m.
352 4202 430 4283 ¹·.
