2700 4726
398 285 504 361 eiu.
535 287 616 360 vii.
666 285 787 358 cAP.
809 295 852 363 17
1109 289 1175 363 381.

111 476 296 580 acciperent,
316 496 481 563 nusquam
504 475 634 633 iniec*
648 436 933 543 rediscedereut:
955 477 1067 581 pocae
1080 479 1173 581 igue-
1196 480 1217 541 6

110 564 210 631 uiurae
238 563 372 629 laturos
396 565 498 644 loco,
519 587 553 629 er
581 587 593 630 ι
636 571 748 651 eptam
780 571 1062 651 oppugnationem
1093 567 1174 631 reir-

109 654 265 740 quiseout:
299 659 476 738 praestare
498 674 614 719 omues
637 651 788 741 perferre
812 655 1035 734 acerbitates,
1073 675 1174 740 quatu
1195 650 1217 711 7

156 843 303 907 eumaem]
322 844 419 908 „MSS
436 839 581 906 plerique“
599 843 658 893 Pet.
678 843 752 894 Gett.
769 840 853 896 Voss.
869 840 902 896 A.
921 845 999 907 Egm.
1011 845 1080 897 Lar.
1095 843 1177 897 cerr.

130 913 205 977 doeg.
223 911 256 961 C.
272 912 333 963 rat.
353 913 444 965 lirant.
463 915 529 965 Par.
547 915 581 966 A.
599 913 646 962 Dr.
665 914 721 962 AB.
741 915 820 965 Vrat.
837 908 915 963 ABG.
928 912 1013 963 ‚Gotbss
1029 914 1059 964 B.
1079 915 1175 965 flama.

130 984 175 1035 (iu.
199 978 285 1033 Viud.
304 980 375 1031 Odi.
400 983 463 1034 edd.
488 983 552 1032 aute
570 982 632 1032 Aid.
652 983 690 1033 St.
712 982 760 1031 Gr.
778 983 804 1032 b.
824 982 910 1033 Freil.
929 995 998 1031 nean
1017 980 1083 1046 qnid
1102 985 1175 1037 flav.

130 1054 150 1102 Δ
175 1063 324 1116 nunqnam
341 1050 425 1101 vind.
446 1051 479 1101 A.
496 1052 556 1100 edd.
572 1051 635 1101 reli.
654 1054 761 1103 tacente
778 1054 812 1100 de
832 1053 962 1111 Benaci.
976 1051 1016 1100 ΡΙ.
1055 1053 1085 1100 id
1104 1054 1175 1100 lier-
1215 1092 1219 1100 .

131 1122 203 1184 regio
222 1124 334 1182 propter
356 1122 469 1170 verbum
486 1121 669 1172 discederent
686 1121 853 1180 praeferenti
867 1123 1011 1182 Lippertue
1029 1124 1176 1183 respondet

130 1189 210 1253 ipsum
230 1191 344 1240 verbum
361 1191 413 1239 bec
429 1193 556 1254 euadere,
574 1199 604 1239 ut
623 1191 796 1250 praeferetur
815 1203 968 1254 ansanum,
986 1202 1020 1239 uc
1039 1190 1098 1238 eius
1114 1191 1177 1251 ioci,

130 1270 161 1309 ex
176 1270 227 1323 que
240 1258 374 1310 discessio
388 1259 466 1311 fecta
478 1261 525 1324 sit,
540 1258 704 1323 significatio
717 1259 898 1310 desideretur.
933 1260 1026 1321 ltaque
1039 1272 1178 1322 nusquam

131 1338 188 1377 csse
210 1328 539 1388 praeconcessam
564 1339 632 1389 quae
650 1328 839 1388 interpretatio
858 1341 892 1378 ue
912 1326 947 1376 iis
970 1329 1077 1388 quidem
1093 1331 1177 1393 iocis,

131 1397 223 1459 quibus
246 1400 311 1458 epta
331 1399 391 1461 est,
418 1397 538 1448 Cornelii
557 1397 671 1458 Nepotis
690 1398 758 1449 Min.
777 1394 812 1463 4,
836 1401 852 1446 3
874 1397 1020 1447 ancilium
1034 1410 1178 1462 aracaeum

130 1466 182 1516 niti
209 1479 228 1515 u
250 1466 487 1517 Lacedaemoniis
516 1466 704 1532 petiverunt,
745 1468 773 1515 et
806 1465 948 1515 Ciceronis
974 1462 1029 1515 Att.
1058 1469 1107 1533 10,
1142 1467 1177 1518 14

132 1535 187 1593 §.i
213 1546 271 1601 qao
298 1536 476 1594 (difficultate
499 1536 658 1598 pecuniaria
680 1534 762 1599 (erat
784 1548 925 1599 nasonem
943 1535 1000 1585 nisi
1016 1548 1055 1585 ec
1072 1537 1177 1599 priua-

131 1607 225 1655 tornm
250 1604 330 1653 benis
352 1608 449 1669 presset
474 1606 595 1662 (caesar
623 1614 650 1655 et
676 1604 836 1665 Pompeius)
862 1605 1019 1653 necessaria
1044 1605 1178 1670 (intelligi

131 1674 194 1722 euim
218 1674 361 1736 utrobique
387 1676 474 1736 petest
499 1676 542 1737 id,
574 1675 644 1736 quod
669 1686 718 1722 uos
738 1673 852 1723 dicimus
870 1671 1002 1741 nitgenbt)
1020 1674 1083 1724 huic
1101 1681 1177 1725 certo

130 1742 212 1793 uiuus
230 1743 370 1809 convenit,
387 1755 466 1808 quam
486 1756 556 1805 quae
573 1745 610 1793 ad
629 1743 772 1806 plerosque
793 1750 821 1790 et
838 1745 909 1792 haud
927 1744 1008 1792 dubie
1022 1743 1058 1792 ad
1073 1744 1176 1794 Hirtia-

129 1823 188 1860 uuru
206 1810 240 1876 8,
264 1806 302 1860 44
319 1809 345 1870 S.
365 1816 383 1863 3
408 1806 484 1880 qnod
501 1824 644 1878 nasonem
661 1811 772 1862 diutins
789 1813 850 1862 sine
869 1813 999 1874 pericula
1015 1824 1178 1865 eernnroro·

130 1882 212 1930 turns
232 1878 389 1932 videbatur
412 1890 441 1932 et
464 1883 499 1932 ad
519 1884 597 1943 Hisp.
618 1880 669 1944 41,
699 1881 889 1930 cadicibcnda
906 1891 958 1931 est.
993 1882 1088 1944 Neque
1108 1883 1178 1933 enim

130 1953 181 1999 nm
198 1950 233 1998 de
252 1952 331 2014 loco,
348 1961 428 2013 quem
446 1950 479 1999 de
497 1963 539 2016 re,
559 1951 629 2000 unde
647 1949 798 1998 discessum
818 1950 864 2012 sit,
882 1949 983 2010 agitur.
1019 1951 1096 2000 Haud
1116 1958 1180 2011 pre:

130 2017 246 2068 habilius
274 2018 404 2081 Lipperto
428 2019 553 2069 Haudiue
581 2017 702 2068 codicum
726 2021 755 2067 et
778 2028 863 2066 uerae
890 2018 1043 2078 scripturae
1068 2032 1180 2071 causaue

130 2086 182 2151 egit
199 2090 278 2138 rurs.
297 2084 326 2153 4,
343 2088 397 2139 349
413 2100 557 2153 nusquarr
574 2090 600 2136 b.
616 2088 636 2136 l.
654 2099 703 2151 pro
719 2098 866 2148 nunqnam
882 2085 983 2135 dictam
1001 2099 1063 2136 esse
1079 2090 1179 2138 ducens

129 2168 185 2205 cunr
204 2169 292 2220 eoque
309 2158 362 2207 due
380 2156 573 2207 Ciceroniauos
592 2167 773 2219 comparans,
789 2156 872 2206 Vecr.
890 2153 918 2220 4,
936 2153 971 2206 65
990 2156 1033 2216 (S.
1055 2157 1120 2222 146)
1138 2160 1179 2207 ci-

133 2236 182 2275 eec
198 2224 334 2277 'Romani
355 2240 375 2277 a
398 2235 443 2276 me
468 2237 611 2291 nusquam
631 2224 780 2276 discedere
796 2226 825 2272 ct
844 2226 903 2274 Ati.
922 2223 954 2289 5,
980 2227 1012 2274 11
1031 2224 1057 2286 §.
1076 2228 1185 2277 abiicit

131 2306 192 2346 esce
214 2296 335 2362 meiius,
367 2306 453 2360 qnam
474 2296 555 2345 iiiam
573 2294 757 2354 (Pompeium)
774 2306 917 2358 nusquam
935 2294 1097 2358 discedere,
1128 2309 1181 2358 quo
1279 2316 1281 2321 ·

101 2377 105 2384 ·
131 2360 244 2426 otretue
268 2366 359 2415 altera
384 2364 509 2414 adverbii
532 2361 696 2426 significatio
716 2371 809 2426 certe,
841 2376 894 2424 qcra
911 2368 1004 2413 nostro
1021 2365 1180 2435 nirgtnttpin

131 2434 292 2496 respondet,
317 2445 368 2498 ee,
390 2444 470 2495 quam
486 2433 609 2483 floridius
628 2432 733 2494 statuit,
751 2434 835 2481 marito
855 2432 944 2493 aptior
961 2435 1019 2495 cst,
1039 2446 1098 2480 cum
1119 2438 1143 2482 b.
1163 2437 1181 2484 Ι.

132 2504 257 2565 rotgario
273 2502 428 2567 statuenda,
447 2506 567 2553 ceterum
583 2514 732 2567 annonara
748 2514 797 2564 per
808 2515 839 2551 se
851 2514 904 2552 uon
918 2502 1005 2551 minus
1018 2504 1182 2566 probandum

130 2572 173 2634 sit,
190 2585 271 2635 quam
289 2583 439 2634 nasonem.
551 2588 554 2593 ·

162 2640 283 2699 iniecta]
308 2640 424 2705 incepta
448 2640 528 2702 Boug.
555 2640 588 2687 A.
615 2636 692 2688 Leid.
712 2632 746 2688 A.
761 2639 855 2690 ‘vose
874 2643 906 2689 A.
931 2641 990 2692 Pet.
1011 2642 1087 2698 Earn.
1104 2642 1182 2691 carr.

131 2709 187 2771 (bic
211 2710 346 2775 incaepta
368 2723 425 2760 sec.
449 2707 552 2772 lirant.)
575 2710 618 2774 „3
643 2703 707 2757 ai.“
726 2711 794 2758 Lar.
819 2708 883 2760 Par.
902 2707 934 2757 A.
961 2710 1008 2759 Dr.
1026 2713 1081 2759 AB.
1101 2713 1182 2763 Vrat.
1264 2750 1267 2757 .

132 2779 186 2832 AG.
214 2780 296 2832 Goth.
324 2780 354 2827 B.
379 2779 476 2828 Hamb.
503 2777 586 2830 vinc.
608 2772 700 2826 celii.
725 2777 841 2827 incerta
864 2779 923 2829 Ort.
949 2779 1022 2827 Gott.
1047 2780 1132 2828 Voss.
1153 2781 1184 2831 G.

134 2848 212 2899 [aeid.
240 2842 272 2899 C.
289 2848 342 2898 tia.
363 2848 416 2898 iuc.
435 2847 466 2897 in
484 2850 568 2897 certa
585 2846 665 2898 Vrat.
687 2847 716 2893 Β.
736 2848 855 2910 decepta
872 2846 1017 2896 Diibaerus
1036 2857 1064 2897 ut
1084 2851 1184 2911 exqui-

134 2918 213 2969 sitius
232 2916 375 2985 praetulit,
393 2916 519 2980 qcaamvis
539 2916 700 2978 paulopost
717 2914 825 2981 legetur
836 2915 981 2978 inceptant
994 2921 1186 2984 appapnatie-

133 3001 207 3040 nem.
243 2989 338 3050 Neque
355 3000 405 3051 ego
418 2985 564 3036 iteratione
577 2985 713 3048 offendor,
728 2988 777 3035 sed
787 2985 909 3037 offendor
922 2985 1107 3053 ambiguitate,
1123 3002 1184 3040 cum

134 3058 216 3108 etiam
234 3056 271 3122 is,
292 3057 338 3120 qui
354 3055 436 3107 uinis
456 3055 550 3105 tardos
568 3061 596 3102 et
612 3052 688 3103 timid
761 3062 797 3118 st,
815 3067 946 3116 acteonem
960 3056 1070 3118 incepta
1082 3072 1112 3106 rc
1124 3060 1184 3109 dis-

138 3127 236 3191 cedat,
266 3128 330 3188 quia
348 3136 479 3191 nusquam
496 3135 555 3174 rem
572 3062 809 3239 incatenat
825 3125 939 3174 mediam
961 3128 1112 3191 abrumpit,
1133 3141 1186 3177 ιιοιι

134 3196 221 3260 magis
245 3195 355 3258 incepta
376 3194 500 3249 discedet
523 3194 551 3242 et
575 3195 666 3243 tamen
691 3203 723 3243 co
743 3192 861 3243 derbiae
887 3201 914 3242 et
937 3196 1084 3256 patienciae
1104 3199 1185 3246 laude

135 3266 240 3330 eareat,
251 3263 338 3328 'quam
357 3263 505 3319 isdemurn
522 3263 620 3312 merito
641 3261 695 3309 sibi
716 3260 854 3327 vindicat,
872 3254 917 3327 ciui
934 3276 1067 3328 nusquam
1084 3266 1187 3316 iniecta

137 3333 261 3385 discedit.
277 3375 280 3379 .
296 3336 388 3395 Quare
400 3324 460 3397 Aac·
475 3335 631 3392 tenendum,
648 3329 717 3379 iliud
734 3333 764 3380 ut
777 3344 871 3383 errore
885 3342 921 3381 cx
936 3335 1108 3395 sequentibus
1123 3336 1188 3384 ilia·

137 3406 190 3454 tum
214 3402 392 3455 reiicieudum
410 3398 520 3467 paravi.
562 3392 679 3466 infecto
696 3411 732 3451 re
752 3410 831 3451 certa
848 3402 929 3451 lectio
948 3410 991 3450 est
1010 3397 1071 3451 Civ.
1090 3407 1123 3465 2,
1154 3403 1188 3453 14

138 3472 206 3532 S-b.
224 3477 253 3539 3,
271 3473 305 3523 57
324 3471 349 3533 S.
369 3472 395 3536 5,
413 3471 574 3593 peinfectn
590 3472 620 3535 7,
639 3467 674 3520 82
692 3467 720 3528 S.
738 3466 765 3520 4.
802 3469 863 3523 civ.
881 3473 908 3538 3,
926 3468 962 3520 40
980 3472 1007 3533 S,
1024 3476 1050 3538 6,
1068 3473 1188 3541 infectis

136 3541 172 3595 its
189 3541 251 3592 Gir.
270 3542 297 3606 1,
315 3544 350 3592 33
368 3542 394 3603 s.
434 3581 440 3594 .
1216 3590 1220 3595 .

171 3609 197 3671 S.
214 3614 232 3661 6
256 3607 406 3678 inceptam]
432 3610 576 3663 incertam
595 3608 670 3659 (icti.
688 3609 771 3659 voss.
790 3606 820 3658 c.
838 3606 915 3658 Leid.
935 3609 965 3660 G.
984 3610 1064 3660 Vrat.
1082 3610 1113 3661 Β.
1134 3609 1190 3677 Ga.

140 3676 184 3747 (ia
200 3683 333 3746 coeptam
352 3684 431 3732 vrat.
450 3681 480 3731 G.
502 3682 573 3732 ried.
591 3690 618 3729 a.
636 3679 706 3728 ven.
723 3679 798 3727 bede.
820 3679 913 3739 eurr.)

171 3748 198 3809 S.
216 3754 235 3803 7
252 3749 407 3818 praestare]
425 3763 476 3800 oar.
494 3750 592 3804 Haut.
607 3749 780 3812 praestaret
797 3749 881 3810 Boug.
900 3746 935 3797 A.
951 3743 1086 3808 (taam.)
1102 3749 1190 3799 Voss.

142 3818 173 3869 A.
190 3821 263 3873 dcv.
281 3822 357 3886 Egra.
374 3822 458 3871 Dorv.
477 3818 537 3873 rec.
552 3817 640 3874 conii.
659 3819 723 3869 Par.
743 3818 778 3869 A.
796 3818 844 3867 Dr.
862 3817 894 3870 B.
912 3819 993 3869 Vrat.
1008 3818 1088 3873 ABG.
1109 3819 1190 3872 Goth.
1287 3834 1292 3847 ·

158 3974 214 4036 §.7
232 3987 314 4038 quam
330 3974 628 4041 eeu-perentarcut]
668 3972 809 4037 particula
835 3972 900 4035 ipsa
928 3972 1132 4027 coniunctionis
1160 3974 1192 4025 ri

118 4038 304 4096 &eiunctivus
321 4058 378 4097 neu
393 4060 429 4096 ex
454 4048 487 4097 ut
510 4045 629 4095 coniun-
670 4047 702 4092 ut
716 4044 926 4106 iuprtnsaacam
936 4044 1192 4108 praeditapeudere

119 4112 212 4181 edane,
240 4127 314 4179 quae
337 4115 475 4166 audienda
502 4116 541 4165 sit
565 4115 630 4177 post
671 4113 790 4162 videtur.
825 4114 927 4164 Eodem
947 4114 1027 4164 medo
1045 4114 1115 4163 dixit
1127 4113 1193 4164 belii

120 4190 193 4244 Μ
219 4185 402 4252 perdentem
433 4186 483 4236 sed
513 4198 550 4237 ex
576 4186 630 4237 bec
672 4182 761 4235 dirici
780 4184 902 4249 scriptor
918 4182 963 4250 25,
982 4182 1016 4236 A:
1032 4183 1109 4249 ceper
1123 4195 1192 4235 cea-
