2700 4726
112 223 183 358 tto
373 284 449 354 DE
477 283 663 360 BELL'O
693 283 949 357 onorico

115 494 287 541 nnmerum
310 494 376 540 non
398 476 664 562 compleverunt,
695 476 785 562 qnod
805 497 843 543 so
862 497 925 542 sno
942 475 1076 542 nornine
1098 480 1198 562 atque

116 563 259 629 arbitrio
287 583 362 628 eum
383 561 544 629 Romanis
567 563 692 629 bollum
721 573 878 648 gesturos
910 563 1062 629 dicarent
1089 586 1197 652 neque

114 651 313 739 eninsqnam
343 651 484 740 imperio
513 650 822 738 obtemperaturum
863 652 975 738 rogati
1006 658 1121 718 tamen
1156 651 1197 717 ab

115 735 268 808 Gommio
301 758 365 828 pro
401 739 475 805 eins
508 739 657 829 hospitio
692 739 759 807 duo
793 738 886 805 milia
916 761 983 805 nnn
1021 740 1197 813 miserunt.

147 936 279 994 sequente
305 929 473 982 Hostiorum
496 930 621 997 nomine,
651 942 730 994 qnam
755 929 897 993 scriptoris
921 929 1035 982 consitio
1059 928 1198 995 omissum,

148 999 179 1051 in
195 998 317 1064 margine
337 1011 404 1051 vero
427 1012 480 1051 non
499 1003 600 1051 temere
624 1000 709 1067 iilud,
734 1003 783 1051 sed
801 999 963 1063 antiquioris
980 998 1084 1051 codicis
1103 1001 1199 1051 aueto-

148 1068 229 1123 ritata
249 1067 401 1132 appositum
418 1072 453 1120 ab
472 1071 537 1121 aliis
555 1070 610 1120 aiio
628 1071 689 1122 ioco
709 1082 771 1119 esse
787 1074 933 1134 receptum.

182 1137 290 1199 Vneili]
319 1137 419 1190 Venett
441 1139 538 1192 Vrsini
562 1139 632 1190 iiber
654 1139 683 1190 in
710 1140 820 1189 Emend.
856 1136 993 1206 ‚Jeneltt
1016 1137 1198 1202 scribentium,

148 1217 198 1270 pro
223 1219 275 1269 qno
293 1207 327 1257 V.
346 1206 377 1259 0.
401 1209 482 1259 tabet
506 1204 644 1260 Venett.“
669 1209 735 1260 Vrs.
763 1208 791 1259 in
808 1209 871 1259 Not.
896 1207 975 1259 cuius
999 1215 1078 1259 notae
1104 1205 1199 1256 vitium

148 1289 184 1325 ex
198 1276 306 1326 timent.
320 1276 507 1341 corrigendum
521 1286 573 1327 est.
607 1278 698 1330 tmelti
715 1278 762 1327 Dr.
780 1280 812 1332 A.
838 1279 868 1328 et
887 1276 980 1329 Vtetur·
997 1277 1066 1328 Med.
1083 1288 1109 1326 a.
1128 1276 1198 1326 ven.

148 1345 224 1395 bede.
261 1346 328 1396 Post
345 1347 437 1398 Vnette'
457 1348 486 1396 in
511 1347 647 1410 plerisque
670 1348 730 1398 edd.
750 1347 850 1409 iegitur
868 1359 954 1408 seno,
980 1346 1058 1397 ouius
1076 1345 1138 1398 ioco
1156 1342 1197 1394 ct.

148 1425 203 1464 sem
220 1414 363 1476 legendnm
381 1417 527 1483 censebat,
545 1417 612 1467 oni.
628 1429 683 1467 sem
702 1417 763 1466 sive
784 1417 823 1466 Vi
839 1415 997 1478 reposuisse
1015 1414 1055 1466 ait
1074 1415 1198 1478 ..auoto-

147 1483 231 1534 ritate
253 1484 330 1535 Leid.
352 1497 407 1536 seo.
426 1486 619 1536 Lovtn.1)nk.
645 1488 673 1535 et
697 1486 782 1537 Dorv.
817 1488 841 1535 A
859 1485 973 1549 reliquis
993 1485 1067 1534 tiss.
1087 1492 1116 1534 et
1132 1483 1198 1532 litio.

147 1551 243 1615 primis
267 1555 374 1606 exsulet
391 1567 540 1621 numerus,
562 1553 608 1618 qni
632 1555 734 1605 excidit
757 1566 807 1617 per
832 1566 915 1605 voces
936 1553 1027 1606 Unelit
1044 1554 1105 1604 nu.
1122 1553 1200 1603 Sena

148 1621 226 1687 Aioi,
252 1622 357 1685 Gryph.
378 1631 407 1673 et
424 1636 500 1688 seqq.
525 1620 621 1674 iere.⁴‘
651 1637 721 1687 qnae
738 1635 791 1674 non
811 1625 917 1675 omnino
935 1635 1003 1674 vera
1020 1627 1094 1678 sunt.
1128 1623 1200 1672 Nam

150 1691 191 1740 VI
205 1690 305 1754 legitur
323 1691 349 1741 in
366 1694 442 1744 Rom.
459 1705 486 1744 a·
506 1700 536 1742 nt
552 1693 580 1743 in
597 1689 679 1747 Vrot.
697 1693 727 1743 0.
746 1693 825 1744 Goth.
843 1694 874 1742 Β.
892 1691 989 1753 (Vino.
1008 1691 1079 1752 01).)
1099 1703 1153 1742 sen
1170 1689 1198 1740 in

147 1759 188 1809 st.
206 1759 254 1809 Gr.
274 1760 404 1810 utinen.
425 1771 455 1812 nt
471 1760 499 1811 in
519 1763 606 1819 (flav.
625 1766 658 1812 A.
675 1763 760 1822 Wir.)
785 1763 832 1816 Dr.
851 1762 881 1814 Β.
899 1761 981 1812 vind.
1000 1761 1071 1810 ΒΒΙ.
1091 1759 1198 1812 sentin

146 1828 210 1880 lter.
229 1840 367 1881 senonen
386 1833 464 1882 moto
479 1830 507 1881 in
526 1832 589 1883 Aio.
613 1839 641 1881 et
663 1831 776 1894 reliquis
799 1838 862 1884 ante
880 1832 950 1882 ond.
967 1830 1027 1879 edd.
1047 1830 1097 1879 sed
1116 1829 1199 1879 etiam

62 1904 67 1913 ·
146 1895 176 1946 in
193 1899 265 1948 Meti.
284 1911 310 1950 a.
328 1900 399 1952 Ven.
413 1900 507 1952 hodsi:
520 1910 550 1952 ut
562 1901 589 1950 in
607 1898 728 1963 margine
745 1902 834 1951 samo.
851 1902 880 1949 et
896 1911 915 1952 a
931 1914 966 1951 m.
984 1911 1007 1951 s.
1026 1899 1054 1949 in
1070 1898 1150 1949 Vrat.
1170 1898 1197 1945 Β.

147 1966 267 2020 omissos
284 1970 372 2019 autem
391 1981 518 2021 numerus
536 1973 581 2020 est
599 1973 670 2020 teste
686 1969 768 2022 naor.
785 1969 814 2019 in
832 1970 902 2021 Iros.
917 1971 952 2021 ab
969 1967 1082 2019 Heinsio
1099 1969 1198 2017 coliate

146 2042 177 2086 nt
202 2035 229 2087 in
246 2037 305 2088 Pet.
323 2038 407 2090 Voss.
426 2042 460 2090 A.
485 2040 562 2100 Egm.
587 2038 659 2089 Gott.
686 2040 768 2095 Bona.
787 2042 821 2089 A.
848 2039 911 2095 l’ar.
930 2035 965 2089 A.
990 2038 1076 2087 Haeo.
1100 2038 1148 2088 Dr.
1166 2033 1197 2085 Α.

143 2106 225 2157 Vrat.
246 2108 270 2155 A
296 2108 323 2155 et
347 2117 374 2158 a.
389 2121 426 2160 nr.
444 2121 485 2171 pr.
504 2107 533 2161 Β,
559 2109 654 2159 flamb.
673 2107 725 2158 Gn.
744 2107 822 2161 Vino.
842 2108 897 2157 ΑΒ.
934 2107 1059 2157 Ceterum
1080 2106 1197 2157 dantum

143 2178 190 2225 est
208 2175 396 2238 oudendorpio
420 2185 484 2227 ante
509 2189 547 2228 em
573 2178 656 2228 facite
682 2176 808 2228 excidere
836 2175 958 2237 potuisse
981 2189 1055 2241 sem,
1082 2185 1196 2238 eumque

142 2255 283 2295 nnmerum
300 2245 442 2297 conciliari
458 2258 542 2310 posse
560 2259 620 2296 oum
636 2245 783 2310 universo,
801 2246 847 2310 qni
865 2258 927 2310 enp.
946 2259 987 2309 sp.
1004 2243 1129 2306 proditus
1146 2251 1195 2294 est

143 2314 246 2363 Tamen
269 2326 341 2363 nuno
364 2326 484 2381 quoqne,
517 2316 571 2365 etsi
593 2314 773 2377 pruritus-in
797 2313 876 2366 libris
900 2317 1045 2379 repertus,
1075 2313 1196 2364 codicum

142 2391 231 2432 eausa
255 2381 447 2443 improbandus
470 2387 498 2433 et
527 2388 561 2434 ao
587 2395 699 2447 pravam
726 2384 891 2448 scripturam
915 2384 1014 2436 XXX
1035 2383 1063 2444 S.
1087 2385 1104 2432 3
1129 2390 1197 2433 extr.

143 2451 346 2502 sustentandam
366 2466 401 2501 ex
418 2452 575 2505 coniectura
593 2455 617 2500 Ιι.
635 2453 654 2502 i.
673 2453 768 2504 illatus
786 2450 903 2503 videtur.

178 2532 206 2593 S.
223 2532 240 2584 5
256 2538 474 2596 somniaverunt]
491 2536 685 2600 impleverant
703 2538 735 2586 Β.
754 2538 937 2601 complerunt
956 2535 1038 2587 vini.
1058 2535 1108 2586 nl.
1129 2546 1197 2586 cott-

144 2604 279 2654 tolerunt
300 2606 370 2655 And.
395 2605 445 2656 οι.
464 2605 519 2665 ‚cm
544 2608 572 2655 s.
598 2605 662 2656 Par.
686 2607 714 2654 Β.
738 2607 808 2658 ssav.
831 2609 865 2659 A.
889 2605 971 2656 vind.
991 2608 1025 2655 A.
1047 2605 1107 2664 (irie
1129 2616 1197 2655 cott-

144 2673 240 2747 terei)
257 2690 319 2739 Aio.
334 2703 391 2754 sqq.
426 2686 458 2740 ln
476 2691 544 2741 (ind.
563 2691 604 2740 iris
623 2691 715 2741 verbis
732 2692 905 2752 praeferens:
927 2693 1013 2755 „Non
1030 2690 1100 2745 euim
1116 2699 1199 2740 antea
1231 2691 1232 2694 ’

143 2760 198 2810 iarn
217 2771 346 2811 numerus
365 2758 465 2822 anquis
481 2772 591 2823 eorum,
610 2760 656 2823 qni
674 2760 893 2823 imperabantur,
912 2763 1023 2824 aderat,
1041 2763 1072 2808 nt
1090 2760 1108 2808 1.
1127 2760 1149 2807 1.
1168 2761 1197 2808 Β

145 2828 207 2881 Gir.
231 2840 254 2879 c.
276 2826 320 2878 ²5.
346 2826 472 2892 tepiones
497 2842 534 2880 em
562 2831 646 2880 noeis
669 2828 818 2881 annotinos
840 2830 1025 2897 confecerat,
1052 2830 1141 2891 atque
1165 2828 1198 2880 ιἰι

143 2897 254 2950 ttinere
272 2898 476 2961 compleverat.
500 2908 528 2946 et
547 2902 668 2963 emptore
695 2900 713 2949 i.
734 2894 785 2948 lii.
805 2910 829 2948 e.
847 2895 902 2948 t.“
931 2896 1096 2959 pronominis
1113 2909 1199 2950 suum

143 2966 276 3020 rationem
293 2977 347 3016 non
365 2967 459 3017 habuit
482 2970 587 3031 (coepi.
606 2971 690 3032 Bong.
706 2971 738 3020 A.
757 2969 815 3026 Pi.)

178 3032 312 3099 dicerent]
329 3034 402 3086 flav.
419 3039 452 3086 A.
470 3036 551 3087 Vind.
571 3040 603 3087 A.
629 3039 726 3101 (Bong.
744 3040 778 3086 A.
796 3037 855 3097 Pi.)
878 3036 939 3085 Ali.
959 3048 1018 3098 sqq.
1043 3036 1201 3090 credebant

144 3105 192 3155 Dr.
210 3106 242 3158 Β.
268 3099 350 3155 Vino.
369 3103 402 3154 Β.
424 3105 555 3157 dicebant
579 3108 682 3172 „carm
704 3115 731 3156 et
749 3107 777 3155 X
801 3105 854 3155 mei
877 3118 939 3155 oum
956 3106 1024 3155 Edd.
1043 3119 1086 3168 pp.
1096 3102 1115 3135 “
1136 3109 1198 3224 cog.

145 3175 224 3225 Turn.
251 3175 337 3225 Voss.
364 3176 400 3224 A.
423 3176 500 3234 Βιιιιι.
521 3176 595 3227 Gott.
618 3177 687 3226 Lov.
714 3172 800 3227 Conss.
822 3175 883 3226 Par.
910 3178 943 3227 A.
973 3176 1060 3226 liaen.
1092 3175 1138 3226 Dr.
1192 3212 1200 3230 .

142 3244 224 3294 Vrat.
240 3241 321 3360 ‘2³1⁰‘
346 3243 426 3372 Βοέῑι.
445 3246 475 3294 Β.
501 3246 598 3297 flamb.
624 3245 676 3296 Gn.
703 3239 782 3294 Vino.
801 3245 855 3295 ΒΒ.
880 3245 940 3293 edri.
964 3250 1030 3294 ante
1052 3244 1114 3294 Atti.
1154 3243 1200 3315 (Β.

145 3313 244 3362 oin.a
306 3315 367 3377 ,39
406 3318 458 3366 ,3.

178 3378 323 3431 duomilia
341 3384 408 3444 una]
436 3383 501 3433 tina
518 3381 598 3433 milia
616 3383 683 3432 ond.
712 3380 776 3445 „ito
793 3382 863 3429 bene
878 3379 984 3430 Hotom.
1009 3383 1099 3432 eMS.
1121 3394 1200 3442 ιιιιαι

144 3449 182 3499 nti
207 3456 235 3498 et
258 3449 285 3499 in
310 3449 339 3497 Β.
364 3463 404 3513 pr.
431 3453 528 3501 Petav.
552 3452 581 3500 in
599 3453 674 3502 tiss.
699 3451 792 3500 decem
811 3450 893 3501 XXI
913 3451 959 3499 vel
976 3450 1059 3500 XXI
1076 3464 1145 3501 una.
1170 3452 1199 3501 in

143 3519 210 3568 End.
234 3518 267 3572 tt.
290 3521 327 3568 M·
346 3522 382 3572 V.
408 3520 514 3585 vtptnti
533 3522 590 3571 duo
616 3521 717 3582 inepte.
747 3520 835 3581 ruigo
859 3520 892 3568 11
915 3533 952 3574 m.
977 3521 1024 3568 vel
1048 3521 1106 3572 duo
1131 3520 1199 3573 m.“

119 3620 121 3625 «
144 3587 332 3640 Βοῑοιιιιιιιιιιιε
351 3590 381 3640 in
398 3591 455 3640 MS.
476 3592 568 3654 stepn.
593 3594 653 3641 utto
676 3601 712 3639 eo
737 3601 796 3638 nna
813 3587 894 3640 antlia
913 3587 1065 3656 invenerit,
1088 3591 1198 3642 (initium

78 3798 87 3806 .
163 3755 189 3815 s·
208 3754 225 3807 5
243 3770 293 3809 sno
310 3759 430 3824 nomine]
450 3758 495 3819 ci,
514 3762 575 3812 ain.
596 3759 631 3810 ari
674 3769 762 3820 nepne
778 3757 921 3823 quiequam
938 3769 1078 3809 commune
1096 3761 1197 3811 habers

110 3824 145 3890 1,
164 3825 199 3877 18
215 3823 243 3885 S.
259 3824 286 3883 4.
674 3827 703 3878 in
722 3831 772 3878 hoo
792 3828 902 3911 negotio
916 3829 1070 3910 uoluerant.
1107 3829 1150 3913 (Ji.
1169 3831 1196 3890 6,

111 3998 143 4066 1,
161 3926 291 4056 groseto!
306 3929 433 4000 hospitio]
457 3930 499 3982 ci.
516 3931 579 3981 adn.
597 3932 631 3982 ati
674 3897 1197 4099 ἓὶἶὲξῆτζὲιῖξζηῶἶοθέἐξῶἔ

161 4101 230 4158 nna]
248 4110 288 4150 se·
304 4112 364 4151 enm
378 4102 502 4169 reliquis,
517 4104 632 4168 onibus-
674 4105 799 4158 nantem
809 4108 897 4172 atque
908 4052 1196 4176 nsptg'pton’ousjpoas'

111 4180 172 4223 enm
205 4169 300 4224 iaoere
330 4169 405 4223 initio
434 4179 633 4230 recusaverant
676 4189 735 4230 ona
751 4175 882 4233 memet.
