<?xml version="1.0" encoding="UTF-8"?>
<!DOCTYPE html PUBLIC "-//W3C//DTD XHTML 1.0 Transitional//EN"
    "http://www.w3.org/TR/xhtml1/DTD/xhtml1-transitional.dtd">
<html xmlns="http://www.w3.org/1999/xhtml" xml:lang="en" lang="en">
 <head>
  <title>
</title>
<meta http-equiv="Content-Type" content="text/html;charset=utf-8" />
  <meta name='ocr-system' content='tesseract 3.04.00' />
  <meta name='ocr-capabilities' content='ocr_page ocr_carea ocr_par ocr_line ocrx_word'/>
</head>
<body>
  <div class='ocr_page' id='page_1' title='image "./commentariidebe00schngoog_0230.png"; bbox 0 0 2700 4726; ppageno 0'>
   <div class='ocr_carea' id='block_1_1' title="bbox 392 268 1200 377">
    <p class='ocr_par' dir='ltr' id='par_1_1' title="bbox 392 268 1200 377">
     <span class='ocr_line' id='line_1_1' title="bbox 392 268 1200 377; baseline 0.002 -36"><span class='ocrx_word' id='word_1_1' title='bbox 392 272 604 345; x_wconf 80' lang='lat' dir='ltr'><strong>urs.·v11.</strong></span> <span class='ocrx_word' id='word_1_2' title='bbox 649 273 770 347; x_wconf 73' lang='lat' dir='ltr'><strong>cer.</strong></span> <span class='ocrx_word' id='word_1_3' title='bbox 791 283 837 347; x_wconf 81' lang='lat' dir='ltr'><strong>er</strong></span> <span class='ocrx_word' id='word_1_4' title='bbox 1097 268 1166 346; x_wconf 80' lang='lat' dir='ltr'><strong>sti</strong></span> <span class='ocrx_word' id='word_1_5' title='bbox 1198 368 1200 377; x_wconf 14' lang='grc' dir='ltr'>Α</span> 
     </span>
    </p>
   </div>
   <div class='ocr_carea' id='block_1_2' title="bbox 83 460 1209 1078">
    <p class='ocr_par' dir='ltr' id='par_1_2' title="bbox 83 460 1209 1078">
     <span class='ocr_line' id='line_1_2' title="bbox 89 460 1166 553; baseline -0.001 -25"><span class='ocrx_word' id='word_1_6' title='bbox 89 460 164 527; x_wconf 85' lang='lat' dir='ltr'><strong>dem</strong></span> <span class='ocrx_word' id='word_1_7' title='bbox 195 461 316 528; x_wconf 84' lang='lat' dir='ltr'><strong>debere</strong></span> <span class='ocrx_word' id='word_1_8' title='bbox 345 460 514 533; x_wconf 80' lang='lat' dir='ltr'><strong>dubitare.</strong></span> <span class='ocrx_word' id='word_1_9' title='bbox 570 461 611 530; x_wconf 81' lang='lat' dir='ltr'><strong>ld</strong></span> <span class='ocrx_word' id='word_1_10' title='bbox 641 487 707 553; x_wconf 87' lang='lat' dir='ltr'><strong>quo</strong></span> <span class='ocrx_word' id='word_1_11' title='bbox 736 465 861 550; x_wconf 83' lang='lat' dir='ltr'><strong>tutiore</strong></span> <span class='ocrx_word' id='word_1_12' title='bbox 889 464 1015 530; x_wconf 84' lang='lat' dir='ltr'><strong>feoieut</strong></span> <span class='ocrx_word' id='word_1_13' title='bbox 1044 465 1166 543; x_wconf 79' lang='lat' dir='ltr'><strong>auimo,</strong></span> 
     </span>
     <span class='ocr_line' id='line_1_3' title="bbox 87 551 1166 658; baseline 0.001 -44"><span class='ocrx_word' id='word_1_14' title='bbox 87 551 205 638; x_wconf 84' lang='lat' dir='ltr'><strong>eopiee</strong></span> <span class='ocrx_word' id='word_1_15' title='bbox 227 571 264 618; x_wconf 87' lang='lat' dir='ltr'><strong>ee</strong></span> <span class='ocrx_word' id='word_1_16' title='bbox 287 571 402 617; x_wconf 86' lang='lat' dir='ltr'><strong>ornnes</strong></span> <span class='ocrx_word' id='word_1_17' title='bbox 428 572 489 638; x_wconf 88' lang='lat' dir='ltr'><strong>pro</strong></span> <span class='ocrx_word' id='word_1_18' title='bbox 510 552 635 618; x_wconf 82' lang='lat' dir='ltr'><strong>taetris</strong></span> <span class='ocrx_word' id='word_1_19' title='bbox 658 553 849 658; x_wconf 72' lang='lat' dir='ltr'><strong>nutritorum</strong></span> <span class='ocrx_word' id='word_1_20' title='bbox 869 551 1166 658; x_wconf 44' lang='lat' dir='ltr'><strong>et·terreri·ltostiss</strong></span> 
     </span>
     <span class='ocr_line' id='line_1_4' title="bbox 86 637 1209 816; baseline 0.004 -28"><span class='ocrx_word' id='word_1_21' title='bbox 86 638 218 791; x_wconf 66' lang='lat' dir='ltr'><strong>litt</strong></span> <span class='ocrx_word' id='word_1_22' title='bbox 220 637 622 814; x_wconf 68' lang='lat' dir='ltr'><strong>tillir..l⁰il¹.²ltt⁸‚</strong></span> <span class='ocrx_word' id='word_1_23' title='bbox 642 648 1028 816; x_wconf 55' lang='lat' dir='ltr'><strong>dissiliit,</strong></span> <span class='ocrx_word' id='word_1_24' title='bbox 1040 660 1166 792; x_wconf 64' lang='lat' dir='ltr'><strong>lili·</strong></span> <span class='ocrx_word' id='word_1_25' title='bbox 1187 649 1209 710; x_wconf 87' lang='lat'>⁷</span> 
     </span>
     <span class='ocr_line' id='line_1_5' title="bbox 86 811 1166 900; baseline 0.001 -22"><span class='ocrx_word' id='word_1_26' title='bbox 86 812 234 892; x_wconf 82' lang='lat' dir='ltr'><strong>liberos,</strong></span> <span class='ocrx_word' id='word_1_27' title='bbox 262 835 304 878; x_wconf 90' lang='lat' dir='ltr'><strong>ue</strong></span> <span class='ocrx_word' id='word_1_28' title='bbox 325 811 368 878; x_wconf 82' lang='lat' dir='ltr'><strong>ed</strong></span> <span class='ocrx_word' id='word_1_29' title='bbox 389 824 566 900; x_wconf 85' lang='lat' dir='ltr'><strong>parentes,</strong></span> <span class='ocrx_word' id='word_1_30' title='bbox 596 836 637 880; x_wconf 90' lang='lat' dir='ltr'><strong>ue</strong></span> <span class='ocrx_word' id='word_1_31' title='bbox 667 813 866 882; x_wconf 75' lang='lat' dir='ltr'><strong>attexerem</strong></span> <span class='ocrx_word' id='word_1_32' title='bbox 892 815 1021 882; x_wconf 86' lang='lat' dir='ltr'><strong>editum</strong></span> <span class='ocrx_word' id='word_1_33' title='bbox 1043 813 1166 879; x_wconf 80' lang='lat' dir='ltr'><strong>hebeat</strong></span> 
     </span>
     <span class='ocr_line' id='line_1_6' title="bbox 85 899 1166 991; baseline 0.002 -27"><span class='ocrx_word' id='word_1_34' title='bbox 85 901 146 986; x_wconf 86' lang='lat' dir='ltr'><strong>qui</strong></span> <span class='ocrx_word' id='word_1_35' title='bbox 169 922 234 966; x_wconf 88' lang='lat' dir='ltr'><strong>nen</strong></span> <span class='ocrx_word' id='word_1_36' title='bbox 252 900 305 965; x_wconf 89' lang='lat' dir='ltr'><strong>his</strong></span> <span class='ocrx_word' id='word_1_37' title='bbox 324 923 386 989; x_wconf 88' lang='lat' dir='ltr'><strong>per</strong></span> <span class='ocrx_word' id='word_1_38' title='bbox 401 924 518 987; x_wconf 81' lang='lat' dir='ltr'><strong>agmen</strong></span> <span class='ocrx_word' id='word_1_39' title='bbox 533 903 680 968; x_wconf 84' lang='lat' dir='ltr'><strong>hostiurn</strong></span> <span class='ocrx_word' id='word_1_40' title='bbox 702 903 962 991; x_wconf 77' lang='lat' dir='ltr'><strong>perequitasset.</strong></span> <span class='ocrx_word' id='word_1_41' title='bbox 1011 905 1067 970; x_wconf 88' lang='grc'><strong>67.</strong></span> <span class='ocrx_word' id='word_1_42' title='bbox 1081 899 1166 966; x_wconf 89' lang='lat' dir='ltr'><strong>Pro-</strong></span> 
     </span>
     <span class='ocr_line' id='line_1_7' title="bbox 83 987 1166 1078; baseline 0.001 -25"><span class='ocrx_word' id='word_1_43' title='bbox 83 989 165 1054; x_wconf 79' lang='lat' dir='ltr'><strong>bata</strong></span> <span class='ocrx_word' id='word_1_44' title='bbox 187 1010 224 1054; x_wconf 88' lang='lat' dir='ltr'><strong>re</strong></span> <span class='ocrx_word' id='word_1_45' title='bbox 249 999 350 1076; x_wconf 84' lang='lat' dir='ltr'><strong>etque</strong></span> <span class='ocrx_word' id='word_1_46' title='bbox 373 990 528 1056; x_wconf 86' lang='lat' dir='ltr'><strong>omuibus</strong></span> <span class='ocrx_word' id='word_1_47' title='bbox 551 990 769 1057; x_wconf 85' lang='lat' dir='ltr'><strong>iureiurando</strong></span> <span class='ocrx_word' id='word_1_48' title='bbox 794 989 925 1056; x_wconf 79' lang='lat' dir='ltr'><strong>adeatis</strong></span> <span class='ocrx_word' id='word_1_49' title='bbox 947 997 1086 1078; x_wconf 85' lang='lat' dir='ltr'><strong>postero</strong></span> <span class='ocrx_word' id='word_1_50' title='bbox 1110 987 1166 1054; x_wconf 88' lang='lat' dir='ltr'><strong>die</strong></span> 
     </span>
    </p>
   </div>
   <div class='ocr_carea' id='block_1_3' title="bbox 36 1146 1246 3862">
    <p class='ocr_par' dir='ltr' id='par_1_3' title="bbox 85 1146 1166 1852">
     <span class='ocr_line' id='line_1_8' title="bbox 119 1146 1166 1232; baseline -0.001 -17"><span class='ocrx_word' id='word_1_51' title='bbox 119 1165 235 1230; x_wconf 80' lang='lat' dir='ltr'><strong>quidem</strong></span> <span class='ocrx_word' id='word_1_52' title='bbox 258 1177 317 1217; x_wconf 80' lang='lat' dir='ltr'><strong>neu</strong></span> <span class='ocrx_word' id='word_1_53' title='bbox 342 1165 445 1216; x_wconf 82' lang='lat' dir='ltr'><strong>dedere</strong></span> <span class='ocrx_word' id='word_1_54' title='bbox 471 1165 623 1230; x_wconf 77' lang='lat' dir='ltr'><strong>dubitare,</strong></span> <span class='ocrx_word' id='word_1_55' title='bbox 646 1146 700 1230; x_wconf 60' lang='lat' dir='ltr'><strong>et,</strong></span> <span class='ocrx_word' id='word_1_56' title='bbox 717 1180 772 1232; x_wconf 82' lang='lat' dir='ltr'><strong>quo</strong></span> <span class='ocrx_word' id='word_1_57' title='bbox 795 1167 908 1219; x_wconf 79' lang='lat' dir='ltr'><strong>tutiore</strong></span> <span class='ocrx_word' id='word_1_58' title='bbox 932 1164 1045 1232; x_wconf 68' lang='lat' dir='ltr'><strong>satiant</strong></span> <span class='ocrx_word' id='word_1_59' title='bbox 1062 1162 1166 1229; x_wconf 78' lang='lat' dir='ltr'><strong>attineo,</strong></span> 
     </span>
     <span class='ocr_line' id='line_1_9' title="bbox 91 1234 1165 1300; baseline 0.001 -17"><span class='ocrx_word' id='word_1_60' title='bbox 91 1269 98 1283; x_wconf 71' lang='grc'><strong>.</strong></span> <span class='ocrx_word' id='word_1_61' title='bbox 118 1235 215 1297; x_wconf 78' lang='lat' dir='ltr'><strong>coptos</strong></span> <span class='ocrx_word' id='word_1_62' title='bbox 233 1248 264 1286; x_wconf 86' lang='lat' dir='ltr'><strong>se</strong></span> <span class='ocrx_word' id='word_1_63' title='bbox 282 1247 379 1286; x_wconf 80' lang='lat' dir='ltr'><strong>omues</strong></span> <span class='ocrx_word' id='word_1_64' title='bbox 397 1237 580 1299; x_wconf 76' lang='lat' dir='ltr'><strong>prorostris</strong></span> <span class='ocrx_word' id='word_1_65' title='bbox 602 1237 768 1288; x_wconf 68' lang='lat' dir='ltr'><strong>lemurum</strong></span> <span class='ocrx_word' id='word_1_66' title='bbox 787 1240 817 1288; x_wconf 86' lang='lat' dir='ltr'><strong>et</strong></span> <span class='ocrx_word' id='word_1_67' title='bbox 835 1235 950 1288; x_wconf 77' lang='lat' dir='ltr'><strong>terrore·</strong></span> <span class='ocrx_word' id='word_1_68' title='bbox 967 1234 1095 1285; x_wconf 76' lang='lat' dir='ltr'><strong>torridus</strong></span> <span class='ocrx_word' id='word_1_69' title='bbox 1114 1235 1165 1300; x_wconf 70' lang='lat' dir='ltr'><strong>to-</strong></span> 
     </span>
     <span class='ocr_line' id='line_1_10' title="bbox 118 1289 1164 1369; baseline -0.002 -15"><span class='ocrx_word' id='word_1_70' title='bbox 118 1306 230 1355; x_wconf 79' lang='lat' dir='ltr'><strong>tarum.</strong></span> <span class='ocrx_word' id='word_1_71' title='bbox 260 1289 349 1366; x_wconf 67' lang='lat' dir='ltr'><strong>Atqui</strong></span> <span class='ocrx_word' id='word_1_72' title='bbox 367 1304 410 1353; x_wconf 78' lang='lat' dir='ltr'><strong>liis</strong></span> <span class='ocrx_word' id='word_1_73' title='bbox 428 1307 522 1357; x_wconf 83' lang='lat' dir='ltr'><strong>verbis</strong></span> <span class='ocrx_word' id='word_1_74' title='bbox 541 1309 610 1356; x_wconf 84' lang='lat' dir='ltr'><strong>hene</strong></span> <span class='ocrx_word' id='word_1_75' title='bbox 628 1306 703 1356; x_wconf 83' lang='lat' dir='ltr'><strong>effici</strong></span> <span class='ocrx_word' id='word_1_76' title='bbox 720 1307 785 1357; x_wconf 91' lang='lat' dir='ltr'><strong>diolt</strong></span> <span class='ocrx_word' id='word_1_77' title='bbox 799 1310 890 1369; x_wconf 83' lang='lat' dir='ltr'><strong>aptatu</strong></span> <span class='ocrx_word' id='word_1_78' title='bbox 904 1303 1080 1355; x_wconf 84' lang='lat' dir='ltr'><strong>senteutiam:</strong></span> <span class='ocrx_word' id='word_1_79' title='bbox 1100 1302 1164 1365; x_wconf 85' lang='lat' dir='ltr'><strong>quio</strong></span> 
     </span>
     <span class='ocr_line' id='line_1_11' title="bbox 105 1371 1166 1439; baseline -0.003 -17"><span class='ocrx_word' id='word_1_80' title='bbox 105 1374 228 1435; x_wconf 67' lang='lat' dir='ltr'><strong>‘equites</strong></span> <span class='ocrx_word' id='word_1_81' title='bbox 245 1375 426 1425; x_wconf 79' lang='lat' dir='ltr'><strong>Romanorum</strong></span> <span class='ocrx_word' id='word_1_82' title='bbox 444 1376 570 1439; x_wconf 77' lang='lat' dir='ltr'><strong>progredi</strong></span> <span class='ocrx_word' id='word_1_83' title='bbox 583 1388 641 1426; x_wconf 90' lang='lat' dir='ltr'><strong>nou</strong></span> <span class='ocrx_word' id='word_1_84' title='bbox 659 1378 806 1439; x_wconf 79' lang='lat' dir='ltr'><strong>auderent,</strong></span> <span class='ocrx_word' id='word_1_85' title='bbox 826 1376 901 1438; x_wconf 84' lang='lat' dir='ltr'><strong>ipsos</strong></span> <span class='ocrx_word' id='word_1_86' title='bbox 918 1373 1040 1437; x_wconf 86' lang='lat' dir='ltr'><strong>quidem,</strong></span> <span class='ocrx_word' id='word_1_87' title='bbox 1058 1371 1166 1421; x_wconf 79' lang='lat' dir='ltr'><strong>etiamst</strong></span> 
     </span>
     <span class='ocr_line' id='line_1_12' title="bbox 119 1441 1165 1508; baseline 0 -18"><span class='ocrx_word' id='word_1_88' title='bbox 119 1441 172 1492; x_wconf 87' lang='lat' dir='ltr'><strong>soli</strong></span> <span class='ocrx_word' id='word_1_89' title='bbox 192 1444 304 1503; x_wconf 82' lang='lat' dir='ltr'><strong>essent,</strong></span> <span class='ocrx_word' id='word_1_90' title='bbox 332 1443 456 1492; x_wconf 85' lang='lat' dir='ltr'><strong>dubitare</strong></span> <span class='ocrx_word' id='word_1_91' title='bbox 481 1458 533 1497; x_wconf 89' lang='lat' dir='ltr'><strong>nou</strong></span> <span class='ocrx_word' id='word_1_92' title='bbox 552 1445 668 1507; x_wconf 86' lang='lat' dir='ltr'><strong>debere,</strong></span> <span class='ocrx_word' id='word_1_93' title='bbox 696 1447 744 1496; x_wconf 88' lang='lat' dir='ltr'><strong>sed</strong></span> <span class='ocrx_word' id='word_1_94' title='bbox 762 1457 813 1508; x_wconf 91' lang='lat' dir='ltr'><strong>qne</strong></span> <span class='ocrx_word' id='word_1_95' title='bbox 831 1444 934 1494; x_wconf 87' lang='lat' dir='ltr'><strong>maiore</strong></span> <span class='ocrx_word' id='word_1_96' title='bbox 955 1443 1044 1492; x_wconf 88' lang='lat' dir='ltr'><strong>auimo</strong></span> <span class='ocrx_word' id='word_1_97' title='bbox 1061 1453 1165 1491; x_wconf 84' lang='lat' dir='ltr'><strong>emrrern</strong></span> 
     </span>
     <span class='ocr_line' id='line_1_13' title="bbox 118 1510 1163 1578; baseline -0.003 -17"><span class='ocrx_word' id='word_1_98' title='bbox 118 1510 312 1562; x_wconf 63' lang='lat' dir='ltr'><strong>dubitatione!</strong></span> <span class='ocrx_word' id='word_1_99' title='bbox 335 1511 481 1578; x_wconf 80' lang='lat' dir='ltr'><strong>adiiciant,</strong></span> <span class='ocrx_word' id='word_1_100' title='bbox 506 1527 537 1563; x_wconf 91' lang='lat' dir='ltr'><strong>se</strong></span> <span class='ocrx_word' id='word_1_101' title='bbox 560 1517 691 1565; x_wconf 87' lang='lat' dir='ltr'><strong>terrorem</strong></span> <span class='ocrx_word' id='word_1_102' title='bbox 713 1512 813 1577; x_wconf 82' lang='lat' dir='ltr'><strong>reliqui</strong></span> <span class='ocrx_word' id='word_1_103' title='bbox 835 1511 975 1562; x_wconf 82' lang='lat' dir='ltr'><strong>exereitus</strong></span> <span class='ocrx_word' id='word_1_104' title='bbox 1000 1511 1163 1564; x_wconf 83' lang='lat' dir='ltr'><strong>additurum.</strong></span> 
     </span>
     <span class='ocr_line' id='line_1_14' title="bbox 118 1578 1164 1646; baseline -0.003 -17"><span class='ocrx_word' id='word_1_105' title='bbox 118 1581 178 1640; x_wconf 82' lang='lat' dir='ltr'><strong>oua</strong></span> <span class='ocrx_word' id='word_1_106' title='bbox 199 1581 304 1643; x_wconf 85' lang='lat' dir='ltr'><strong>quiden</strong></span> <span class='ocrx_word' id='word_1_107' title='bbox 322 1583 459 1632; x_wconf 80' lang='lat' dir='ltr'><strong>sententia</strong></span> <span class='ocrx_word' id='word_1_108' title='bbox 476 1595 527 1646; x_wconf 79' lang='lat' dir='ltr'><strong>ego</strong></span> <span class='ocrx_word' id='word_1_109' title='bbox 543 1585 647 1633; x_wconf 85' lang='lat' dir='ltr'><strong>nullom</strong></span> <span class='ocrx_word' id='word_1_110' title='bbox 664 1584 752 1634; x_wconf 88' lang='lat' dir='ltr'><strong>miuus</strong></span> <span class='ocrx_word' id='word_1_111' title='bbox 765 1591 856 1646; x_wconf 83' lang='lat' dir='ltr'><strong>eptem</strong></span> <span class='ocrx_word' id='word_1_112' title='bbox 869 1580 1021 1644; x_wconf 81' lang='lat' dir='ltr'><strong>excogitari</strong></span> <span class='ocrx_word' id='word_1_113' title='bbox 1032 1578 1164 1646; x_wconf 86' lang='lat' dir='ltr'><strong>potuisse,</strong></span> 
     </span>
     <span class='ocr_line' id='line_1_15' title="bbox 117 1651 1165 1713; baseline 0.001 -16"><span class='ocrx_word' id='word_1_114' title='bbox 117 1657 238 1700; x_wconf 86' lang='lat' dir='ltr'><strong>ceterum</strong></span> <span class='ocrx_word' id='word_1_115' title='bbox 261 1661 341 1699; x_wconf 87' lang='lat' dir='ltr'><strong>unam</strong></span> <span class='ocrx_word' id='word_1_116' title='bbox 369 1662 465 1702; x_wconf 85' lang='lat' dir='ltr'><strong>vereru</strong></span> <span class='ocrx_word' id='word_1_117' title='bbox 490 1663 554 1700; x_wconf 89' lang='lat' dir='ltr'><strong>esse</strong></span> <span class='ocrx_word' id='word_1_118' title='bbox 577 1651 641 1703; x_wconf 87' lang='lat' dir='ltr'><strong>Aldl</strong></span> <span class='ocrx_word' id='word_1_119' title='bbox 669 1653 810 1703; x_wconf 86' lang='lat' dir='ltr'><strong>lectionem</strong></span> <span class='ocrx_word' id='word_1_120' title='bbox 836 1659 915 1713; x_wconf 89' lang='lat' dir='ltr'><strong>puto,</strong></span> <span class='ocrx_word' id='word_1_121' title='bbox 950 1661 1030 1713; x_wconf 85' lang='lat' dir='ltr'><strong>quant</strong></span> <span class='ocrx_word' id='word_1_122' title='bbox 1055 1659 1165 1710; x_wconf 85' lang='lat' dir='ltr'><strong>praeter</strong></span> 
     </span>
     <span class='ocr_line' id='line_1_16' title="bbox 85 1718 1163 1783; baseline 0.001 -16"><span class='ocrx_word' id='word_1_123' title='bbox 85 1746 87 1751; x_wconf 92' lang='lat'><em>·</em></span> <span class='ocrx_word' id='word_1_124' title='bbox 118 1720 227 1769; x_wconf 80' lang='lat' dir='ltr'><strong>codices</strong></span> <span class='ocrx_word' id='word_1_125' title='bbox 252 1720 287 1770; x_wconf 85' lang='lat' dir='ltr'><strong>ab</strong></span> <span class='ocrx_word' id='word_1_126' title='bbox 305 1720 373 1770; x_wconf 82' lang='lat' dir='ltr'><strong>oud.</strong></span> <span class='ocrx_word' id='word_1_127' title='bbox 398 1721 569 1783; x_wconf 74' lang='lat' dir='ltr'><strong>significatos</strong></span> <span class='ocrx_word' id='word_1_128' title='bbox 593 1724 663 1772; x_wconf 87' lang='lat' dir='ltr'><strong>llev.</strong></span> <span class='ocrx_word' id='word_1_129' title='bbox 682 1723 716 1775; x_wconf 84' lang='lat' dir='ltr'><strong>A.</strong></span> <span class='ocrx_word' id='word_1_130' title='bbox 742 1727 770 1772; x_wconf 88' lang='lat' dir='ltr'><strong>et</strong></span> <span class='ocrx_word' id='word_1_131' title='bbox 794 1720 879 1771; x_wconf 90' lang='lat' dir='ltr'><strong>vind.</strong></span> <span class='ocrx_word' id='word_1_132' title='bbox 896 1721 930 1770; x_wconf 94' lang='lat' dir='ltr'><strong>A.</strong></span> <span class='ocrx_word' id='word_1_133' title='bbox 955 1718 1104 1782; x_wconf 82' lang='lat' dir='ltr'><strong>praebent,</strong></span> <span class='ocrx_word' id='word_1_134' title='bbox 1137 1718 1163 1768; x_wconf 89' lang='lat' dir='ltr'><strong>iu</strong></span> 
     </span>
     <span class='ocr_line' id='line_1_17' title="bbox 117 1786 1108 1852; baseline 0.001 -15"><span class='ocrx_word' id='word_1_135' title='bbox 117 1799 173 1850; x_wconf 88' lang='lat' dir='ltr'><strong>que</strong></span> <span class='ocrx_word' id='word_1_136' title='bbox 191 1797 293 1838; x_wconf 87' lang='lat' dir='ltr'><strong>temere</strong></span> <span class='ocrx_word' id='word_1_137' title='bbox 311 1786 411 1839; x_wconf 88' lang='lat' dir='ltr'><strong>omisso</strong></span> <span class='ocrx_word' id='word_1_138' title='bbox 429 1803 466 1840; x_wconf 84' lang='lat' dir='ltr'><strong>tte</strong></span> <span class='ocrx_word' id='word_1_139' title='bbox 482 1790 607 1852; x_wconf 85' lang='lat' dir='ltr'><strong>imperite</strong></span> <span class='ocrx_word' id='word_1_140' title='bbox 624 1791 769 1841; x_wconf 81' lang='lat' dir='ltr'><strong>suffectum</strong></span> <span class='ocrx_word' id='word_1_141' title='bbox 786 1803 850 1839; x_wconf 87' lang='lat' dir='ltr'><strong>esse</strong></span> <span class='ocrx_word' id='word_1_142' title='bbox 870 1790 900 1839; x_wconf 88' lang='lat' dir='ltr'><strong>et</strong></span> <span class='ocrx_word' id='word_1_143' title='bbox 915 1801 974 1839; x_wconf 82' lang='lat' dir='ltr'><strong>non</strong></span> <span class='ocrx_word' id='word_1_144' title='bbox 990 1787 1108 1838; x_wconf 88' lang='lat' dir='ltr'><strong>videtur.</strong></span> 
     </span>
    </p>

    <p class='ocr_par' dir='ltr' id='par_1_4' title="bbox 115 1850 1246 2199">
     <span class='ocr_line' id='line_1_18' title="bbox 150 1850 1162 1925; baseline -0.001 -19"><span class='ocrx_word' id='word_1_145' title='bbox 150 1855 177 1917; x_wconf 81' lang='lat' dir='ltr'><strong>S.</strong></span> <span class='ocrx_word' id='word_1_146' title='bbox 193 1861 212 1911; x_wconf 89' lang='grc'><strong>7</strong></span> <span class='ocrx_word' id='word_1_147' title='bbox 228 1857 309 1906; x_wconf 84' lang='lat' dir='ltr'><strong>need</strong></span> <span class='ocrx_word' id='word_1_148' title='bbox 322 1858 445 1919; x_wconf 73' lang='lat' dir='ltr'><strong>morem]</strong></span> <span class='ocrx_word' id='word_1_149' title='bbox 462 1859 525 1925; x_wconf 79' lang='lat' dir='ltr'><strong>l’et,</strong></span> <span class='ocrx_word' id='word_1_150' title='bbox 537 1850 587 1911; x_wconf 78' lang='lat' dir='ltr'><strong>Cu.</strong></span> <span class='ocrx_word' id='word_1_151' title='bbox 600 1860 630 1909; x_wconf 81' lang='lat' dir='ltr'><strong>S.</strong></span> <span class='ocrx_word' id='word_1_152' title='bbox 642 1860 720 1909; x_wconf 82' lang='lat' dir='ltr'><strong>Leid.</strong></span> <span class='ocrx_word' id='word_1_153' title='bbox 731 1861 760 1908; x_wconf 87' lang='lat' dir='ltr'><strong>B.</strong></span> <span class='ocrx_word' id='word_1_154' title='bbox 778 1859 846 1917; x_wconf 74' lang='lat' dir='ltr'><strong>(tiu.</strong></span> <span class='ocrx_word' id='word_1_155' title='bbox 861 1858 1038 1915; x_wconf 75' lang='lat' dir='ltr'><strong>Vindulli.)</strong></span> <span class='ocrx_word' id='word_1_156' title='bbox 1054 1859 1082 1905; x_wconf 88' lang='lat' dir='ltr'><strong>et</strong></span> <span class='ocrx_word' id='word_1_157' title='bbox 1094 1856 1162 1906; x_wconf 84' lang='lat' dir='ltr'><strong>Oud.</strong></span> 
     </span>
     <span class='ocr_line' id='line_1_19' title="bbox 115 1926 1246 1991; baseline 0.001 -18"><span class='ocrx_word' id='word_1_158' title='bbox 115 1927 225 1975; x_wconf 83' lang='lat' dir='ltr'><strong>testea.</strong></span> <span class='ocrx_word' id='word_1_159' title='bbox 240 1940 274 1975; x_wconf 88' lang='lat' dir='ltr'><strong>ru.</strong></span> <span class='ocrx_word' id='word_1_160' title='bbox 290 1938 346 1977; x_wconf 88' lang='lat' dir='ltr'><strong>see.</strong></span> <span class='ocrx_word' id='word_1_161' title='bbox 360 1928 484 1989; x_wconf 57' lang='lat' dir='ltr'><strong>rouen.</strong></span> <span class='ocrx_word' id='word_1_162' title='bbox 496 1926 653 1991; x_wconf 84' lang='lat' dir='ltr'><strong>„reliquis“</strong></span> <span class='ocrx_word' id='word_1_163' title='bbox 669 1933 697 1979; x_wconf 91' lang='lat' dir='ltr'><strong>et</strong></span> <span class='ocrx_word' id='word_1_164' title='bbox 705 1930 789 1981; x_wconf 86' lang='lat' dir='ltr'><strong>Voss.</strong></span> <span class='ocrx_word' id='word_1_165' title='bbox 797 1932 829 1976; x_wconf 88' lang='lat' dir='ltr'><strong>A.</strong></span> <span class='ocrx_word' id='word_1_166' title='bbox 837 1928 913 1988; x_wconf 83' lang='lat' dir='ltr'><strong>llgru.</strong></span> <span class='ocrx_word' id='word_1_167' title='bbox 921 1927 994 1977; x_wconf 71' lang='lat' dir='ltr'><strong>(dett.</strong></span> <span class='ocrx_word' id='word_1_168' title='bbox 1001 1926 1072 1977; x_wconf 79' lang='lat' dir='ltr'><strong>Lov.</strong></span> <span class='ocrx_word' id='word_1_169' title='bbox 1082 1926 1163 1974; x_wconf 71' lang='lat' dir='ltr'><strong>Febr.</strong></span> <span class='ocrx_word' id='word_1_170' title='bbox 1240 1974 1246 1985; x_wconf 68' lang='grc'><em>,</em></span> 
     </span>
     <span class='ocr_line' id='line_1_20' title="bbox 117 1992 1163 2059; baseline 0.002 -19"><span class='ocrx_word' id='word_1_171' title='bbox 117 1998 146 2042; x_wconf 81' lang='lat' dir='ltr'><strong>et</strong></span> <span class='ocrx_word' id='word_1_172' title='bbox 159 1995 247 2045; x_wconf 84' lang='lat' dir='ltr'><strong>trihus</strong></span> <span class='ocrx_word' id='word_1_173' title='bbox 261 1992 346 2046; x_wconf 83' lang='lat' dir='ltr'><strong>cond.</strong></span> <span class='ocrx_word' id='word_1_174' title='bbox 360 2005 388 2045; x_wconf 86' lang='lat' dir='ltr'><strong>et</strong></span> <span class='ocrx_word' id='word_1_175' title='bbox 401 1999 483 2059; x_wconf 72' lang='lat' dir='ltr'><strong>Boug.</strong></span> <span class='ocrx_word' id='word_1_176' title='bbox 496 1999 529 2046; x_wconf 92' lang='lat' dir='ltr'><strong>A.</strong></span> <span class='ocrx_word' id='word_1_177' title='bbox 548 1997 590 2046; x_wconf 83' lang='grc' dir='ltr'><strong>ΡΙ.</strong></span> <span class='ocrx_word' id='word_1_178' title='bbox 604 1998 668 2048; x_wconf 84' lang='lat' dir='ltr'><strong>Per.</strong></span> <span class='ocrx_word' id='word_1_179' title='bbox 677 2000 710 2047; x_wconf 88' lang='lat' dir='ltr'><strong>A.</strong></span> <span class='ocrx_word' id='word_1_180' title='bbox 724 1997 841 2059; x_wconf 67' lang='lat' dir='ltr'><strong>ilauA.</strong></span> <span class='ocrx_word' id='word_1_181' title='bbox 856 1997 903 2046; x_wconf 83' lang='lat' dir='ltr'><strong>Dr.</strong></span> <span class='ocrx_word' id='word_1_182' title='bbox 915 1996 972 2043; x_wconf 81' lang='lat' dir='ltr'><strong>All.</strong></span> <span class='ocrx_word' id='word_1_183' title='bbox 988 1996 1068 2045; x_wconf 89' lang='lat' dir='ltr'><strong>vrat.</strong></span> <span class='ocrx_word' id='word_1_184' title='bbox 1082 1995 1163 2043; x_wconf 77' lang='lat' dir='ltr'><strong>Arc.</strong></span> 
     </span>
     <span class='ocr_line' id='line_1_21' title="bbox 116 2058 1164 2117; baseline -0.001 -5"><span class='ocrx_word' id='word_1_185' title='bbox 116 2063 198 2116; x_wconf 80' lang='lat' dir='ltr'><strong>Goth.</strong></span> <span class='ocrx_word' id='word_1_186' title='bbox 212 2066 267 2114; x_wconf 86' lang='lat' dir='ltr'><strong>Ae.</strong></span> <span class='ocrx_word' id='word_1_187' title='bbox 283 2065 379 2114; x_wconf 79' lang='lat' dir='ltr'><strong>Heme·</strong></span> <span class='ocrx_word' id='word_1_188' title='bbox 396 2065 590 2117; x_wconf 78' lang='lat' dir='ltr'><strong>Vindnscr.</strong></span> <span class='ocrx_word' id='word_1_189' title='bbox 608 2075 636 2116; x_wconf 89' lang='lat' dir='ltr'><strong>et</strong></span> <span class='ocrx_word' id='word_1_190' title='bbox 654 2068 696 2117; x_wconf 89' lang='lat' dir='ltr'><strong>ed.</strong></span> <span class='ocrx_word' id='word_1_191' title='bbox 712 2065 768 2117; x_wconf 87' lang='lat' dir='ltr'><strong>lue.</strong></span> <span class='ocrx_word' id='word_1_192' title='bbox 784 2067 814 2114; x_wconf 90' lang='lat' dir='ltr'><strong>et</strong></span> <span class='ocrx_word' id='word_1_193' title='bbox 826 2065 897 2115; x_wconf 91' lang='lat' dir='ltr'><strong>Ven.</strong></span> <span class='ocrx_word' id='word_1_194' title='bbox 914 2065 934 2113; x_wconf 84' lang='lat' dir='ltr'><strong>t.</strong></span> <span class='ocrx_word' id='word_1_195' title='bbox 953 2065 1031 2114; x_wconf 82' lang='lat' dir='ltr'><strong>deest</strong></span> <span class='ocrx_word' id='word_1_196' title='bbox 1050 2075 1094 2116; x_wconf 88' lang='lat' dir='ltr'><strong>ne.</strong></span> <span class='ocrx_word' id='word_1_197' title='bbox 1119 2058 1164 2112; x_wconf 87' lang='lat' dir='ltr'><strong>ct.</strong></span> 
     </span>
     <span class='ocr_line' id='line_1_22' title="bbox 117 2132 1153 2199; baseline -0.003 -17"><span class='ocrx_word' id='word_1_198' title='bbox 117 2134 180 2184; x_wconf 86' lang='lat' dir='ltr'><strong>edu.</strong></span> <span class='ocrx_word' id='word_1_199' title='bbox 199 2146 238 2186; x_wconf 82' lang='lat' dir='ltr'><strong>or.</strong></span> <span class='ocrx_word' id='word_1_200' title='bbox 257 2134 293 2185; x_wconf 85' lang='lat' dir='ltr'><strong>ad</strong></span> <span class='ocrx_word' id='word_1_201' title='bbox 309 2137 347 2199; x_wconf 84' lang='lat'><strong>6,</strong></span> <span class='ocrx_word' id='word_1_202' title='bbox 367 2138 401 2186; x_wconf 80' lang='lat'><strong>13</strong></span> <span class='ocrx_word' id='word_1_203' title='bbox 418 2134 447 2195; x_wconf 81' lang='lat' dir='ltr'><strong>S.</strong></span> <span class='ocrx_word' id='word_1_204' title='bbox 465 2133 492 2186; x_wconf 83' lang='lat'><strong>5.</strong></span> <span class='ocrx_word' id='word_1_205' title='bbox 518 2139 643 2194; x_wconf 73' lang='lat' dir='ltr'><strong>(umores</strong></span> <span class='ocrx_word' id='word_1_206' title='bbox 659 2134 730 2184; x_wconf 91' lang='lat' dir='ltr'><strong>And.</strong></span> <span class='ocrx_word' id='word_1_207' title='bbox 747 2134 824 2184; x_wconf 85' lang='lat' dir='ltr'><strong>Leld.</strong></span> <span class='ocrx_word' id='word_1_208' title='bbox 842 2135 876 2182; x_wconf 86' lang='lat' dir='ltr'><strong>A.</strong></span> <span class='ocrx_word' id='word_1_209' title='bbox 894 2134 965 2183; x_wconf 86' lang='lat' dir='ltr'><strong>llav.</strong></span> <span class='ocrx_word' id='word_1_210' title='bbox 983 2134 1018 2180; x_wconf 88' lang='lat' dir='ltr'><strong>A.</strong></span> <span class='ocrx_word' id='word_1_211' title='bbox 1033 2132 1153 2188; x_wconf 83' lang='lat' dir='ltr'><strong>llamb.].</strong></span> 
     </span>
    </p>

    <p class='ocr_par' dir='ltr' id='par_1_5' title="bbox 113 2201 1172 3099">
     <span class='ocr_line' id='line_1_23' title="bbox 152 2201 1162 2269; baseline -0.001 -18"><span class='ocrx_word' id='word_1_212' title='bbox 152 2201 206 2261; x_wconf 83' lang='lat' dir='ltr'><strong>uis]</strong></span> <span class='ocrx_word' id='word_1_213' title='bbox 232 2201 307 2266; x_wconf 83' lang='lat' dir='ltr'><strong>„sie</strong></span> <span class='ocrx_word' id='word_1_214' title='bbox 331 2205 394 2253; x_wconf 86' lang='lat' dir='ltr'><strong>Ald.</strong></span> <span class='ocrx_word' id='word_1_215' title='bbox 419 2206 447 2255; x_wconf 88' lang='lat' dir='ltr'><strong>et</strong></span> <span class='ocrx_word' id='word_1_216' title='bbox 473 2217 584 2269; x_wconf 87' lang='lat' dir='ltr'><strong>omues,</strong></span> <span class='ocrx_word' id='word_1_217' title='bbox 612 2207 643 2254; x_wconf 89' lang='lat' dir='ltr'><strong>ut</strong></span> <span class='ocrx_word' id='word_1_218' title='bbox 667 2203 776 2265; x_wconf 87' lang='lat' dir='ltr'><strong>opinor,</strong></span> <span class='ocrx_word' id='word_1_219' title='bbox 804 2201 944 2265; x_wconf 85' lang='lat' dir='ltr'><strong>impressi.</strong></span> <span class='ocrx_word' id='word_1_220' title='bbox 986 2203 1009 2248; x_wconf 93' lang='lat' dir='ltr'><strong>A</strong></span> <span class='ocrx_word' id='word_1_221' title='bbox 1034 2201 1162 2261; x_wconf 83' lang='lat' dir='ltr'><strong>stepteu.</strong></span> 
     </span>
     <span class='ocr_line' id='line_1_24' title="bbox 115 2269 1164 2336; baseline -0.001 -18"><span class='ocrx_word' id='word_1_222' title='bbox 115 2272 208 2321; x_wconf 85' lang='lat' dir='ltr'><strong>tamen</strong></span> <span class='ocrx_word' id='word_1_223' title='bbox 223 2273 304 2320; x_wconf 85' lang='lat' dir='ltr'><strong>abest</strong></span> <span class='ocrx_word' id='word_1_224' title='bbox 321 2284 374 2321; x_wconf 87' lang='lat' dir='ltr'><strong>vox</strong></span> <span class='ocrx_word' id='word_1_225' title='bbox 394 2273 444 2323; x_wconf 79' lang='lat' dir='ltr'><strong>dis.</strong></span> <span class='ocrx_word' id='word_1_226' title='bbox 469 2274 541 2336; x_wconf 86' lang='lat' dir='ltr'><strong>quod</strong></span> <span class='ocrx_word' id='word_1_227' title='bbox 559 2285 612 2324; x_wconf 92' lang='lat' dir='ltr'><strong>nen</strong></span> <span class='ocrx_word' id='word_1_228' title='bbox 628 2281 692 2335; x_wconf 89' lang='lat' dir='ltr'><strong>puto</strong></span> <span class='ocrx_word' id='word_1_229' title='bbox 713 2271 908 2334; x_wconf 76' lang='lat' dir='ltr'><strong>negligendum.</strong></span> <span class='ocrx_word' id='word_1_230' title='bbox 916 2269 933 2300; x_wconf 73' lang='lat' dir='ltr'><strong>u</strong></span> <span class='ocrx_word' id='word_1_231' title='bbox 957 2270 1063 2320; x_wconf 80' lang='lat' dir='ltr'><strong>fletum.</strong></span> <span class='ocrx_word' id='word_1_232' title='bbox 1081 2270 1164 2334; x_wconf 82' lang='lat' dir='ltr'><strong>„Vox</strong></span> 
     </span>
     <span class='ocr_line' id='line_1_25' title="bbox 115 2338 1172 2406; baseline -0.001 -19"><span class='ocrx_word' id='word_1_233' title='bbox 115 2338 157 2388; x_wconf 76' lang='lat' dir='ltr'><strong>dis</strong></span> <span class='ocrx_word' id='word_1_234' title='bbox 181 2351 233 2390; x_wconf 91' lang='lat' dir='ltr'><strong>uon</strong></span> <span class='ocrx_word' id='word_1_235' title='bbox 258 2351 397 2402; x_wconf 81' lang='lat' dir='ltr'><strong>comparet</strong></span> <span class='ocrx_word' id='word_1_236' title='bbox 418 2343 447 2393; x_wconf 91' lang='lat' dir='ltr'><strong>ln</strong></span> <span class='ocrx_word' id='word_1_237' title='bbox 464 2341 625 2406; x_wconf 78' lang='lat' dir='ltr'><strong>stephaniae</strong></span> <span class='ocrx_word' id='word_1_238' title='bbox 650 2341 716 2392; x_wconf 84' lang='lat' dir='ltr'><strong>Cod.</strong></span> <span class='ocrx_word' id='word_1_239' title='bbox 737 2354 823 2404; x_wconf 87' lang='lat' dir='ltr'><strong>neque</strong></span> <span class='ocrx_word' id='word_1_240' title='bbox 847 2340 876 2390; x_wconf 87' lang='lat' dir='ltr'><strong>in</strong></span> <span class='ocrx_word' id='word_1_241' title='bbox 893 2341 1027 2402; x_wconf 82' lang='lat' dir='ltr'><strong>Bougars.</strong></span> <span class='ocrx_word' id='word_1_242' title='bbox 1048 2351 1086 2397; x_wconf 87' lang='lat' dir='ltr'><strong>pr.</strong></span> <span class='ocrx_word' id='word_1_243' title='bbox 1105 2341 1172 2387; x_wconf 84' lang='lat' dir='ltr'><strong>Au·-</strong></span> 
     </span>
     <span class='ocr_line' id='line_1_26' title="bbox 116 2407 1163 2483; baseline -0.001 -26"><span class='ocrx_word' id='word_1_244' title='bbox 116 2409 198 2473; x_wconf 92' lang='lat' dir='ltr'><strong>diuo,</strong></span> <span class='ocrx_word' id='word_1_245' title='bbox 224 2410 271 2458; x_wconf 90' lang='lat' dir='ltr'><strong>vel</strong></span> <span class='ocrx_word' id='word_1_246' title='bbox 290 2408 376 2461; x_wconf 83' lang='lat' dir='ltr'><strong>Oxou.</strong></span> <span class='ocrx_word' id='word_1_247' title='bbox 400 2412 504 2463; x_wconf 87' lang='lat' dir='ltr'><strong>rectius</strong></span> <span class='ocrx_word' id='word_1_248' title='bbox 527 2421 619 2462; x_wconf 85' lang='lat' dir='ltr'><strong>temen</strong></span> <span class='ocrx_word' id='word_1_249' title='bbox 642 2424 697 2462; x_wconf 90' lang='lat' dir='ltr'><strong>uon</strong></span> <span class='ocrx_word' id='word_1_250' title='bbox 714 2410 902 2475; x_wconf 82' lang='lat' dir='ltr'><strong>negligendam</strong></span> <span class='ocrx_word' id='word_1_251' title='bbox 915 2412 998 2469; x_wconf 86' lang='lat' dir='ltr'><strong>putet</strong></span> <span class='ocrx_word' id='word_1_252' title='bbox 1014 2407 1163 2483; x_wconf 79' lang='lat' dir='ltr'><strong>Hotoman-</strong></span> 
     </span>
     <span class='ocr_line' id='line_1_27' title="bbox 114 2473 1164 2544; baseline -0.001 -18"><span class='ocrx_word' id='word_1_253' title='bbox 114 2488 185 2544; x_wconf 90' lang='lat' dir='ltr'><strong>nus,</strong></span> <span class='ocrx_word' id='word_1_254' title='bbox 204 2480 233 2526; x_wconf 91' lang='lat' dir='ltr'><strong>et</strong></span> <span class='ocrx_word' id='word_1_255' title='bbox 249 2473 282 2529; x_wconf 75' lang='lat' dir='ltr'><strong>eci</strong></span> <span class='ocrx_word' id='word_1_256' title='bbox 300 2473 340 2533; x_wconf 75' lang='lat' dir='ltr'><strong>dtr</strong></span> <span class='ocrx_word' id='word_1_257' title='bbox 356 2481 483 2544; x_wconf 82' lang='lat' dir='ltr'><strong>agnoseit</strong></span> <span class='ocrx_word' id='word_1_258' title='bbox 499 2477 732 2543; x_wconf 68' lang='lat' dir='ltr'><strong>metaphrastesf‘</strong></span> <span class='ocrx_word' id='word_1_259' title='bbox 766 2479 833 2530; x_wconf 89' lang='lat' dir='ltr'><strong>0od.</strong></span> <span class='ocrx_word' id='word_1_260' title='bbox 852 2481 1021 2530; x_wconf 84' lang='lat' dir='ltr'><strong>llotemauno</strong></span> <span class='ocrx_word' id='word_1_261' title='bbox 1038 2488 1090 2527; x_wconf 91' lang='lat' dir='ltr'><strong>non</strong></span> <span class='ocrx_word' id='word_1_262' title='bbox 1108 2489 1164 2527; x_wconf 78' lang='lat' dir='ltr'><strong>vox</strong></span> 
     </span>
     <span class='ocr_line' id='line_1_28' title="bbox 115 2546 1163 2613; baseline -0.013 -4"><span class='ocrx_word' id='word_1_263' title='bbox 115 2546 172 2608; x_wconf 55' lang='grc' dir='ltr'><strong>Μὴ</strong></span> <span class='ocrx_word' id='word_1_264' title='bbox 196 2548 244 2596; x_wconf 87' lang='lat' dir='ltr'><strong>sed</strong></span> <span class='ocrx_word' id='word_1_265' title='bbox 269 2547 329 2596; x_wconf 91' lang='lat' dir='ltr'><strong>eius</strong></span> <span class='ocrx_word' id='word_1_266' title='bbox 354 2551 433 2601; x_wconf 84' lang='lat' dir='ltr'><strong>vocis</strong></span> <span class='ocrx_word' id='word_1_267' title='bbox 459 2550 661 2613; x_wconf 78' lang='lat' dir='ltr'><strong>praetermissio</strong></span> <span class='ocrx_word' id='word_1_268' title='bbox 686 2561 738 2603; x_wconf 88' lang='lat' dir='ltr'><strong>nou</strong></span> <span class='ocrx_word' id='word_1_269' title='bbox 760 2548 924 2612; x_wconf 78' lang='lat' dir='ltr'><strong>negligendo</strong></span> <span class='ocrx_word' id='word_1_270' title='bbox 941 2549 970 2595; x_wconf 89' lang='lat' dir='ltr'><strong>et</strong></span> <span class='ocrx_word' id='word_1_271' title='bbox 986 2546 1048 2608; x_wconf 86' lang='lat' dir='ltr'><strong>ipse</strong></span> <span class='ocrx_word' id='word_1_272' title='bbox 1064 2546 1163 2595; x_wconf 84' lang='lat' dir='ltr'><strong>abesse</strong></span> 
     </span>
     <span class='ocr_line' id='line_1_29' title="bbox 116 2615 1163 2678; baseline -0.005 -11"><span class='ocrx_word' id='word_1_273' title='bbox 116 2630 199 2676; x_wconf 89' lang='lat' dir='ltr'><strong>posse</strong></span> <span class='ocrx_word' id='word_1_274' title='bbox 222 2617 376 2667; x_wconf 82' lang='lat' dir='ltr'><strong>videbatur.</strong></span> <span class='ocrx_word' id='word_1_275' title='bbox 411 2622 446 2669; x_wconf 83' lang='lat' dir='ltr'><strong>ldt</strong></span> <span class='ocrx_word' id='word_1_276' title='bbox 469 2621 549 2669; x_wconf 86' lang='lat' dir='ltr'><strong>abest</strong></span> <span class='ocrx_word' id='word_1_277' title='bbox 574 2619 657 2670; x_wconf 88' lang='lat' dir='ltr'><strong>etiam</strong></span> <span class='ocrx_word' id='word_1_278' title='bbox 674 2621 709 2671; x_wconf 86' lang='lat' dir='ltr'><strong>ab</strong></span> <span class='ocrx_word' id='word_1_279' title='bbox 730 2619 802 2669; x_wconf 79' lang='lat' dir='ltr'><strong>liar.</strong></span> <span class='ocrx_word' id='word_1_280' title='bbox 822 2621 854 2669; x_wconf 81' lang='lat' dir='ltr'><strong>A.</strong></span> <span class='ocrx_word' id='word_1_281' title='bbox 871 2620 899 2666; x_wconf 86' lang='lat' dir='ltr'><strong>et</strong></span> <span class='ocrx_word' id='word_1_282' title='bbox 916 2615 1000 2667; x_wconf 87' lang='lat' dir='ltr'><strong>Viud.</strong></span> <span class='ocrx_word' id='word_1_283' title='bbox 1017 2617 1051 2665; x_wconf 87' lang='lat' dir='ltr'><strong>A.</strong></span> <span class='ocrx_word' id='word_1_284' title='bbox 1075 2626 1163 2678; x_wconf 85' lang='lat' dir='ltr'><strong>neque</strong></span> 
     </span>
     <span class='ocr_line' id='line_1_30' title="bbox 115 2684 1163 2752; baseline 0 -19"><span class='ocrx_word' id='word_1_285' title='bbox 115 2684 241 2748; x_wconf 82' lang='lat' dir='ltr'><strong>agnoseit</strong></span> <span class='ocrx_word' id='word_1_286' title='bbox 257 2698 317 2735; x_wconf 87' lang='lat' dir='ltr'><strong>eam</strong></span> <span class='ocrx_word' id='word_1_287' title='bbox 336 2687 487 2738; x_wconf 81' lang='lat' dir='ltr'><strong>Petrerolra</strong></span> <span class='ocrx_word' id='word_1_288' title='bbox 513 2688 585 2738; x_wconf 82' lang='lat' dir='ltr'><strong>illst.</strong></span> <span class='ocrx_word' id='word_1_289' title='bbox 605 2689 655 2752; x_wconf 88' lang='lat'><strong>18,</strong></span> <span class='ocrx_word' id='word_1_290' title='bbox 673 2688 706 2739; x_wconf 81' lang='lat'><strong>³5</strong></span> <span class='ocrx_word' id='word_1_291' title='bbox 734 2688 798 2752; x_wconf 80' lang='lat' dir='ltr'><strong>(qui</strong></span> <span class='ocrx_word' id='word_1_292' title='bbox 816 2699 875 2737; x_wconf 80' lang='lat' dir='ltr'><strong>non</strong></span> <span class='ocrx_word' id='word_1_293' title='bbox 892 2687 1054 2736; x_wconf 82' lang='lat' dir='ltr'><strong>Romanum</strong></span> <span class='ocrx_word' id='word_1_294' title='bbox 1071 2685 1163 2735; x_wconf 77' lang='lat' dir='ltr'><strong>aciem</strong></span> 
     </span>
     <span class='ocr_line' id='line_1_31' title="bbox 114 2753 1163 2817; baseline -0.001 -13"><span class='ocrx_word' id='word_1_295' title='bbox 114 2755 315 2817; x_wconf 81' lang='lat' dir='ltr'><strong>penetrasset)</strong></span> <span class='ocrx_word' id='word_1_296' title='bbox 338 2763 367 2804; x_wconf 87' lang='lat' dir='ltr'><strong>et</strong></span> <span class='ocrx_word' id='word_1_297' title='bbox 383 2757 413 2806; x_wconf 91' lang='lat' dir='ltr'><strong>in</strong></span> <span class='ocrx_word' id='word_1_298' title='bbox 430 2757 477 2806; x_wconf 84' lang='lat' dir='ltr'><strong>llr.</strong></span> <span class='ocrx_word' id='word_1_299' title='bbox 495 2757 526 2805; x_wconf 85' lang='lat' dir='ltr'><strong>ll.</strong></span> <span class='ocrx_word' id='word_1_300' title='bbox 547 2765 575 2806; x_wconf 88' lang='lat' dir='ltr'><strong>et</strong></span> <span class='ocrx_word' id='word_1_301' title='bbox 592 2769 665 2808; x_wconf 85' lang='lat' dir='ltr'><strong>eurr.</strong></span> <span class='ocrx_word' id='word_1_302' title='bbox 684 2757 767 2807; x_wconf 84' lang='lat' dir='ltr'><strong>Voss.</strong></span> <span class='ocrx_word' id='word_1_303' title='bbox 786 2753 820 2809; x_wconf 87' lang='lat' dir='ltr'><strong>A.</strong></span> <span class='ocrx_word' id='word_1_304' title='bbox 839 2755 922 2806; x_wconf 80' lang='lat' dir='ltr'><strong>Febr.</strong></span> <span class='ocrx_word' id='word_1_305' title='bbox 937 2755 1017 2804; x_wconf 80' lang='lat' dir='ltr'><strong>nodis</strong></span> <span class='ocrx_word' id='word_1_306' title='bbox 1037 2764 1086 2815; x_wconf 87' lang='lat' dir='ltr'><strong>pre</strong></span> <span class='ocrx_word' id='word_1_307' title='bbox 1104 2767 1163 2803; x_wconf 81' lang='lat' dir='ltr'><strong>noto</strong></span> 
     </span>
     <span class='ocr_line' id='line_1_32' title="bbox 115 2821 1163 2893; baseline -0.001 -20"><span class='ocrx_word' id='word_1_308' title='bbox 115 2823 171 2887; x_wconf 77' lang='lat' dir='ltr'><strong>dis,</strong></span> <span class='ocrx_word' id='word_1_309' title='bbox 192 2823 219 2873; x_wconf 88' lang='lat' dir='ltr'><strong>iu</strong></span> <span class='ocrx_word' id='word_1_310' title='bbox 236 2825 313 2873; x_wconf 84' lang='lat' dir='ltr'><strong>Leld.</strong></span> <span class='ocrx_word' id='word_1_311' title='bbox 330 2824 361 2872; x_wconf 82' lang='lat' dir='ltr'><strong>ll.</strong></span> <span class='ocrx_word' id='word_1_312' title='bbox 387 2825 450 2889; x_wconf 81' lang='lat' dir='ltr'><strong>quis</strong></span> <span class='ocrx_word' id='word_1_313' title='bbox 468 2825 571 2876; x_wconf 77' lang='lat' dir='ltr'><strong>habeat</strong></span> <span class='ocrx_word' id='word_1_314' title='bbox 589 2826 657 2893; x_wconf 80' lang='lat' dir='ltr'><strong>qntn</strong></span> <span class='ocrx_word' id='word_1_315' title='bbox 674 2825 715 2876; x_wconf 77' lang='lat' dir='ltr'><strong>dis</strong></span> <span class='ocrx_word' id='word_1_316' title='bbox 734 2825 836 2888; x_wconf 83' lang='lat' dir='ltr'><strong>legitur</strong></span> <span class='ocrx_word' id='word_1_317' title='bbox 851 2837 901 2884; x_wconf 91' lang='lat' dir='ltr'><strong>pro</strong></span> <span class='ocrx_word' id='word_1_318' title='bbox 917 2823 1020 2875; x_wconf 75' lang='lat' dir='ltr'><strong>lrabeat</strong></span> <span class='ocrx_word' id='word_1_319' title='bbox 1037 2821 1087 2885; x_wconf 78' lang='lat' dir='ltr'><strong>qui</strong></span> <span class='ocrx_word' id='word_1_320' title='bbox 1104 2835 1163 2872; x_wconf 80' lang='lat' dir='ltr'><strong>nou</strong></span> 
     </span>
     <span class='ocr_line' id='line_1_33' title="bbox 113 2891 1162 2959; baseline -0.001 -17"><span class='ocrx_word' id='word_1_321' title='bbox 113 2893 164 2942; x_wconf 80' lang='lat' dir='ltr'><strong>dis.</strong></span> <span class='ocrx_word' id='word_1_322' title='bbox 199 2892 376 2943; x_wconf 79' lang='lat' dir='ltr'><strong>Nihilominus</strong></span> <span class='ocrx_word' id='word_1_323' title='bbox 393 2895 435 2944; x_wconf 77' lang='lat' dir='ltr'><strong>dte</strong></span> <span class='ocrx_word' id='word_1_324' title='bbox 451 2896 595 2945; x_wconf 85' lang='lat' dir='ltr'><strong>tenendum</strong></span> <span class='ocrx_word' id='word_1_325' title='bbox 610 2896 671 2954; x_wconf 82' lang='lat' dir='ltr'><strong>est3</strong></span> <span class='ocrx_word' id='word_1_326' title='bbox 697 2906 760 2944; x_wconf 84' lang='lat' dir='ltr'><strong>uem</strong></span> <span class='ocrx_word' id='word_1_327' title='bbox 776 2894 939 2959; x_wconf 83' lang='lat' dir='ltr'><strong>interpolato</strong></span> <span class='ocrx_word' id='word_1_328' title='bbox 956 2891 1162 2942; x_wconf 83' lang='lat' dir='ltr'><strong>dissimillimum</strong></span> 
     </span>
     <span class='ocr_line' id='line_1_34' title="bbox 116 2959 1161 3026; baseline -0.002 -15"><span class='ocrx_word' id='word_1_329' title='bbox 116 2970 144 3011; x_wconf 93' lang='lat' dir='ltr'><strong>et</strong></span> <span class='ocrx_word' id='word_1_330' title='bbox 165 2959 246 3010; x_wconf 85' lang='lat' dir='ltr'><strong>simul</strong></span> <span class='ocrx_word' id='word_1_331' title='bbox 264 2962 432 3024; x_wconf 82' lang='lat' dir='ltr'><strong>aptissimum</strong></span> <span class='ocrx_word' id='word_1_332' title='bbox 450 2970 502 3012; x_wconf 89' lang='lat' dir='ltr'><strong>est.</strong></span> <span class='ocrx_word' id='word_1_333' title='bbox 537 2964 577 3013; x_wconf 89' lang='lat' dir='ltr'><strong>vt</strong></span> <span class='ocrx_word' id='word_1_334' title='bbox 593 2962 664 3014; x_wconf 86' lang='lat' dir='ltr'><strong>enlm</strong></span> <span class='ocrx_word' id='word_1_335' title='bbox 682 2963 773 3013; x_wconf 88' lang='lat' dir='ltr'><strong>audax</strong></span> <span class='ocrx_word' id='word_1_336' title='bbox 790 2962 915 3026; x_wconf 79' lang='lat' dir='ltr'><strong>tatinus,</strong></span> <span class='ocrx_word' id='word_1_337' title='bbox 933 2960 978 3011; x_wconf 88' lang='lat' dir='ltr'><strong>oui</strong></span> <span class='ocrx_word' id='word_1_338' title='bbox 995 2973 1025 3009; x_wconf 86' lang='lat' dir='ltr'><strong>ee</strong></span> <span class='ocrx_word' id='word_1_339' title='bbox 1043 2960 1161 3009; x_wconf 85' lang='lat' dir='ltr'><strong>obstrin-</strong></span> 
     </span>
     <span class='ocr_line' id='line_1_35' title="bbox 114 3029 1162 3099; baseline -0.001 -21"><span class='ocrx_word' id='word_1_340' title='bbox 114 3030 215 3099; x_wconf 82' lang='lat' dir='ltr'><strong>gebent</strong></span> <span class='ocrx_word' id='word_1_341' title='bbox 232 3042 298 3080; x_wconf 86' lang='lat' dir='ltr'><strong>vere</strong></span> <span class='ocrx_word' id='word_1_342' title='bbox 315 3032 467 3094; x_wconf 79' lang='lat' dir='ltr'><strong>perlectum</strong></span> <span class='ocrx_word' id='word_1_343' title='bbox 484 3044 550 3080; x_wconf 86' lang='lat' dir='ltr'><strong>esse</strong></span> <span class='ocrx_word' id='word_1_344' title='bbox 567 3031 785 3099; x_wconf 81' lang='lat' dir='ltr'><strong>intelligeretur,</strong></span> <span class='ocrx_word' id='word_1_345' title='bbox 802 3031 971 3094; x_wconf 86' lang='lat' dir='ltr'><strong>perequlteto</strong></span> <span class='ocrx_word' id='word_1_346' title='bbox 987 3029 1093 3092; x_wconf 82' lang='lat' dir='ltr'><strong>egmlue</strong></span> <span class='ocrx_word' id='word_1_347' title='bbox 1104 3029 1162 3078; x_wconf 83' lang='lat' dir='ltr'><strong>Ro-</strong></span> 
     </span>
    </p>

    <p class='ocr_par' dir='ltr' id='par_1_6' title="bbox 36 3097 1198 3862">
     <span class='ocr_line' id='line_1_36' title="bbox 36 3097 1109 3163; baseline -0.007 -12"><span class='ocrx_word' id='word_1_348' title='bbox 36 3118 39 3122; x_wconf 71' lang='grc'><strong>’</strong></span> <span class='ocrx_word' id='word_1_349' title='bbox 114 3111 254 3151; x_wconf 84' lang='lat' dir='ltr'><strong>manorum</strong></span> <span class='ocrx_word' id='word_1_350' title='bbox 273 3103 366 3151; x_wconf 87' lang='lat' dir='ltr'><strong>eodem</strong></span> <span class='ocrx_word' id='word_1_351' title='bbox 382 3102 480 3152; x_wconf 86' lang='lat' dir='ltr'><strong>itinere</strong></span> <span class='ocrx_word' id='word_1_352' title='bbox 498 3102 534 3151; x_wconf 88' lang='lat' dir='ltr'><strong>ad</strong></span> <span class='ocrx_word' id='word_1_353' title='bbox 550 3112 616 3151; x_wconf 89' lang='lat' dir='ltr'><strong>suos</strong></span> <span class='ocrx_word' id='word_1_354' title='bbox 634 3112 665 3148; x_wconf 86' lang='lat' dir='ltr'><strong>se</strong></span> <span class='ocrx_word' id='word_1_355' title='bbox 683 3100 804 3163; x_wconf 79' lang='lat' dir='ltr'><strong>resipere</strong></span> <span class='ocrx_word' id='word_1_356' title='bbox 821 3100 952 3163; x_wconf 83' lang='lat' dir='ltr'><strong>quemque</strong></span> <span class='ocrx_word' id='word_1_357' title='bbox 970 3097 1109 3148; x_wconf 84' lang='lat' dir='ltr'><strong>iuoebeut.</strong></span> 
     </span>
     <span class='ocr_line' id='line_1_37' title="bbox 148 3164 1161 3235; baseline -0.003 -18"><span class='ocrx_word' id='word_1_358' title='bbox 148 3169 362 3233; x_wconf 83' lang='lat' dir='ltr'><strong>perequitasset]</strong></span> <span class='ocrx_word' id='word_1_359' title='bbox 380 3170 584 3235; x_wconf 68' lang='lat' dir='ltr'><strong>perequitant</strong></span> <span class='ocrx_word' id='word_1_360' title='bbox 602 3169 686 3219; x_wconf 87' lang='lat' dir='ltr'><strong>Viud.</strong></span> <span class='ocrx_word' id='word_1_361' title='bbox 703 3164 739 3218; x_wconf 77' lang='lat' dir='ltr'><strong>d.</strong></span> <span class='ocrx_word' id='word_1_362' title='bbox 760 3167 998 3235; x_wconf 79' lang='lat' dir='ltr'><strong>perequitovert&#39;t</strong></span> <span class='ocrx_word' id='word_1_363' title='bbox 1014 3170 1064 3219; x_wconf 81' lang='lat' dir='ltr'><strong>Ox.</strong></span> <span class='ocrx_word' id='word_1_364' title='bbox 1090 3177 1161 3229; x_wconf 74' lang='lat' dir='ltr'><strong>per-</strong></span> 
     </span>
     <span class='ocr_line' id='line_1_38' title="bbox 114 3235 1161 3301; baseline -0.003 -13"><span class='ocrx_word' id='word_1_365' title='bbox 114 3238 260 3301; x_wconf 80' lang='lat' dir='ltr'><strong>equitart&#39;t</strong></span> <span class='ocrx_word' id='word_1_366' title='bbox 275 3241 344 3288; x_wconf 87' lang='lat' dir='ltr'><strong>And.</strong></span> <span class='ocrx_word' id='word_1_367' title='bbox 362 3242 434 3292; x_wconf 78' lang='lat' dir='ltr'><strong>ilar.</strong></span> <span class='ocrx_word' id='word_1_368' title='bbox 452 3242 486 3292; x_wconf 89' lang='lat' dir='ltr'><strong>A.</strong></span> <span class='ocrx_word' id='word_1_369' title='bbox 504 3238 570 3290; x_wconf 87' lang='lat' dir='ltr'><strong>Oud.</strong></span> <span class='ocrx_word' id='word_1_370' title='bbox 604 3235 647 3291; x_wconf 84' lang='lat' dir='ltr'><strong>Ct.</strong></span> <span class='ocrx_word' id='word_1_371' title='bbox 666 3251 690 3289; x_wconf 83' lang='lat' dir='ltr'><strong>e.</strong></span> <span class='ocrx_word' id='word_1_372' title='bbox 707 3240 742 3287; x_wconf 84' lang='lat' dir='ltr'><strong>tt</strong></span> <span class='ocrx_word' id='word_1_373' title='bbox 763 3237 790 3298; x_wconf 82' lang='lat' dir='ltr'><strong>s.</strong></span> <span class='ocrx_word' id='word_1_374' title='bbox 805 3239 839 3288; x_wconf 76' lang='lat'><strong>52</strong></span> <span class='ocrx_word' id='word_1_375' title='bbox 857 3249 931 3300; x_wconf 76' lang='lat' dir='ltr'><strong>quoe</strong></span> <span class='ocrx_word' id='word_1_376' title='bbox 948 3238 1076 3296; x_wconf 83' lang='lat' dir='ltr'><strong>(manus)</strong></span> <span class='ocrx_word' id='word_1_377' title='bbox 1092 3236 1161 3286; x_wconf 79' lang='lat' dir='ltr'><strong>tatt-</strong></span> 
     </span>
     <span class='ocr_line' id='line_1_39' title="bbox 114 3306 1198 3375; baseline 0.003 -17"><span class='ocrx_word' id='word_1_378' title='bbox 114 3309 177 3358; x_wconf 81' lang='lat' dir='ltr'><strong>tnm</strong></span> <span class='ocrx_word' id='word_1_379' title='bbox 193 3309 423 3375; x_wconf 79' lang='lat' dir='ltr'><strong>prepredt&#39;atur,</strong></span> <span class='ocrx_word' id='word_1_380' title='bbox 450 3311 590 3375; x_wconf 80' lang='lat' dir='ltr'><strong>quantum</strong></span> <span class='ocrx_word' id='word_1_381' title='bbox 607 3319 697 3358; x_wconf 79' lang='lat' dir='ltr'><strong>nette</strong></span> <span class='ocrx_word' id='word_1_382' title='bbox 714 3306 932 3371; x_wconf 79' lang='lat' dir='ltr'><strong>processissent.</strong></span> <span class='ocrx_word' id='word_1_383' title='bbox 1192 3340 1198 3361; x_wconf 81' lang='lat' dir='ltr'><strong>t</strong></span> 
     </span>
     <span class='ocr_line' id='line_1_40' title="bbox 148 3371 1163 3440; baseline -0.005 -12"><span class='ocrx_word' id='word_1_384' title='bbox 148 3376 216 3440; x_wconf 84' lang='lat' dir='ltr'><strong>cap.</strong></span> <span class='ocrx_word' id='word_1_385' title='bbox 234 3379 278 3429; x_wconf 88' lang='grc'><strong>67.</strong></span> <span class='ocrx_word' id='word_1_386' title='bbox 296 3377 323 3437; x_wconf 79' lang='lat' dir='ltr'><strong>S.</strong></span> <span class='ocrx_word' id='word_1_387' title='bbox 342 3382 357 3430; x_wconf 88' lang='lat'><strong>1</strong></span> <span class='ocrx_word' id='word_1_388' title='bbox 375 3379 549 3433; x_wconf 86' lang='lat' dir='ltr'><strong>iureiurando</strong></span> <span class='ocrx_word' id='word_1_389' title='bbox 567 3376 687 3437; x_wconf 83' lang='lat' dir='ltr'><strong>adactis]</strong></span> <span class='ocrx_word' id='word_1_390' title='bbox 711 3376 885 3428; x_wconf 61' lang='lat' dir='ltr'><strong>indurando</strong></span> <span class='ocrx_word' id='word_1_391' title='bbox 901 3391 928 3427; x_wconf 86' lang='lat' dir='ltr'><strong>o.</strong></span> <span class='ocrx_word' id='word_1_392' title='bbox 945 3373 1027 3424; x_wconf 86' lang='lat' dir='ltr'><strong>vind.</strong></span> <span class='ocrx_word' id='word_1_393' title='bbox 1044 3374 1075 3423; x_wconf 82' lang='grc' dir='ltr'><strong>Ε.</strong></span> <span class='ocrx_word' id='word_1_394' title='bbox 1100 3371 1163 3424; x_wconf 77' lang='lat' dir='ltr'><strong>tet-</strong></span> 
     </span>
     <span class='ocr_line' id='line_1_41' title="bbox 113 3442 1159 3501; baseline -0.002 -5"><span class='ocrx_word' id='word_1_395' title='bbox 113 3445 271 3497; x_wconf 80' lang='lat' dir='ltr'><strong>e‘urandum</strong></span> <span class='ocrx_word' id='word_1_396' title='bbox 288 3462 315 3498; x_wconf 86' lang='lat' dir='ltr'><strong>u.</strong></span> <span class='ocrx_word' id='word_1_397' title='bbox 334 3449 376 3498; x_wconf 91' lang='lat' dir='ltr'><strong>lu.</strong></span> <span class='ocrx_word' id='word_1_398' title='bbox 406 3451 445 3501; x_wconf 84' lang='lat' dir='ltr'><strong>od</strong></span> <span class='ocrx_word' id='word_1_399' title='bbox 461 3447 663 3499; x_wconf 79' lang='lat' dir='ltr'><strong>iusiurandum</strong></span> <span class='ocrx_word' id='word_1_400' title='bbox 685 3445 760 3498; x_wconf 74' lang='lat' dir='ltr'><strong>uotis</strong></span> <span class='ocrx_word' id='word_1_401' title='bbox 782 3444 861 3498; x_wconf 69' lang='lat' dir='ltr'><strong>lteld.</strong></span> <span class='ocrx_word' id='word_1_402' title='bbox 882 3448 916 3497; x_wconf 88' lang='lat' dir='ltr'><strong>A.</strong></span> <span class='ocrx_word' id='word_1_403' title='bbox 947 3443 986 3495; x_wconf 84' lang='lat' dir='ltr'><strong>od</strong></span> <span class='ocrx_word' id='word_1_404' title='bbox 1011 3442 1159 3494; x_wconf 76' lang='lat' dir='ltr'><strong>iusiuran-</strong></span> 
     </span>
     <span class='ocr_line' id='line_1_42' title="bbox 114 3513 1162 3574; baseline -0.005 -8"><span class='ocrx_word' id='word_1_405' title='bbox 114 3516 184 3567; x_wconf 78' lang='lat' dir='ltr'><strong>dum</strong></span> <span class='ocrx_word' id='word_1_406' title='bbox 201 3517 312 3568; x_wconf 79' lang='lat' dir='ltr'><strong>adactis</strong></span> <span class='ocrx_word' id='word_1_407' title='bbox 337 3519 407 3569; x_wconf 86' lang='lat' dir='ltr'><strong>And.</strong></span> <span class='ocrx_word' id='word_1_408' title='bbox 425 3518 475 3569; x_wconf 86' lang='lat' dir='ltr'><strong>0x.</strong></span> <span class='ocrx_word' id='word_1_409' title='bbox 494 3517 546 3568; x_wconf 78' lang='lat' dir='ltr'><strong>Cu.</strong></span> <span class='ocrx_word' id='word_1_410' title='bbox 571 3519 600 3568; x_wconf 78' lang='lat' dir='ltr'><strong>S·</strong></span> <span class='ocrx_word' id='word_1_411' title='bbox 625 3519 697 3568; x_wconf 82' lang='lat' dir='ltr'><strong>flav.</strong></span> <span class='ocrx_word' id='word_1_412' title='bbox 716 3519 751 3567; x_wconf 90' lang='lat' dir='ltr'><strong>A.</strong></span> <span class='ocrx_word' id='word_1_413' title='bbox 775 3515 858 3566; x_wconf 81' lang='lat' dir='ltr'><strong>vind.</strong></span> <span class='ocrx_word' id='word_1_414' title='bbox 876 3516 911 3566; x_wconf 88' lang='lat' dir='ltr'><strong>A.</strong></span> <span class='ocrx_word' id='word_1_415' title='bbox 938 3513 1000 3563; x_wconf 88' lang='lat' dir='ltr'><strong>Ald.</strong></span> <span class='ocrx_word' id='word_1_416' title='bbox 1026 3524 1085 3574; x_wconf 85' lang='lat' dir='ltr'><strong>sqq.</strong></span> <span class='ocrx_word' id='word_1_417' title='bbox 1112 3525 1162 3562; x_wconf 85' lang='lat' dir='ltr'><strong>ex-</strong></span> 
     </span>
     <span class='ocr_line' id='line_1_43' title="bbox 114 3580 1162 3654; baseline -0.003 -18"><span class='ocrx_word' id='word_1_418' title='bbox 114 3595 197 3648; x_wconf 85' lang='lat' dir='ltr'><strong>eepte</strong></span> <span class='ocrx_word' id='word_1_419' title='bbox 220 3585 264 3635; x_wconf 83' lang='grc'><strong>01.</strong></span> <span class='ocrx_word' id='word_1_420' title='bbox 301 3585 379 3645; x_wconf 72' lang='lat' dir='ltr'><strong>Quod</strong></span> <span class='ocrx_word' id='word_1_421' title='bbox 400 3587 429 3640; x_wconf 91' lang='lat' dir='ltr'><strong>ln</strong></span> <span class='ocrx_word' id='word_1_422' title='bbox 453 3589 494 3638; x_wconf 89' lang='lat' dir='ltr'><strong>lu.</strong></span> <span class='ocrx_word' id='word_1_423' title='bbox 517 3594 625 3654; x_wconf 83' lang='lat' dir='ltr'><strong>exstat,</strong></span> <span class='ocrx_word' id='word_1_424' title='bbox 650 3586 678 3636; x_wconf 86' lang='lat' dir='ltr'><strong>id</strong></span> <span class='ocrx_word' id='word_1_425' title='bbox 704 3587 768 3637; x_wconf 84' lang='lat' dir='ltr'><strong>aute</strong></span> <span class='ocrx_word' id='word_1_426' title='bbox 783 3584 953 3648; x_wconf 70' lang='lat' dir='ltr'><strong>§seligerum</strong></span> <span class='ocrx_word' id='word_1_427' title='bbox 978 3580 1162 3644; x_wconf 81' lang='lat' dir='ltr'><strong>requisiverat</strong></span> 
     </span>
     <span class='ocr_line' id='line_1_44' title="bbox 111 3649 1162 3721; baseline -0.004 -17"><span class='ocrx_word' id='word_1_428' title='bbox 111 3653 277 3706; x_wconf 72' lang='lat' dir='ltr'><strong>viaooonlus</strong></span> <span class='ocrx_word' id='word_1_429' title='bbox 289 3655 417 3719; x_wconf 78' lang='lat' dir='ltr'><strong>analogia</strong></span> <span class='ocrx_word' id='word_1_430' title='bbox 433 3656 577 3707; x_wconf 85' lang='lat' dir='ltr'><strong>diotieuuru</strong></span> <span class='ocrx_word' id='word_1_431' title='bbox 593 3655 737 3707; x_wconf 77' lang='lat' dir='ltr'><strong>arbitrum</strong></span> <span class='ocrx_word' id='word_1_432' title='bbox 750 3654 870 3721; x_wconf 73' lang='lat' dir='ltr'><strong>adipate</strong></span> <span class='ocrx_word' id='word_1_433' title='bbox 886 3662 914 3702; x_wconf 86' lang='lat' dir='ltr'><strong>et</strong></span> <span class='ocrx_word' id='word_1_434' title='bbox 927 3649 1083 3702; x_wconf 74' lang='lat' dir='ltr'><strong>arbitrium</strong></span> <span class='ocrx_word' id='word_1_435' title='bbox 1096 3651 1162 3703; x_wconf 81' lang='lat' dir='ltr'><strong>adt-</strong></span> 
     </span>
     <span class='ocr_line' id='line_1_45' title="bbox 114 3718 1161 3790; baseline -0.005 -15"><span class='ocrx_word' id='word_1_436' title='bbox 114 3736 202 3790; x_wconf 62' lang='grc' dir='ltr'><strong>μονα,</strong></span> <span class='ocrx_word' id='word_1_437' title='bbox 220 3724 318 3787; x_wconf 83' lang='lat' dir='ltr'><strong>quibus</strong></span> <span class='ocrx_word' id='word_1_438' title='bbox 334 3725 431 3777; x_wconf 75' lang='lat' dir='ltr'><strong>cicero</strong></span> <span class='ocrx_word' id='word_1_439' title='bbox 448 3728 513 3788; x_wconf 81' lang='lat' dir='ltr'><strong>l&#39;op.</strong></span> <span class='ocrx_word' id='word_1_440' title='bbox 532 3736 557 3776; x_wconf 88' lang='lat' dir='ltr'><strong>o.</strong></span> <span class='ocrx_word' id='word_1_441' title='bbox 575 3725 610 3775; x_wconf 87' lang='lat'><strong>10</strong></span> <span class='ocrx_word' id='word_1_442' title='bbox 626 3724 670 3785; x_wconf 81' lang='lat' dir='ltr'><strong>(s.</strong></span> <span class='ocrx_word' id='word_1_443' title='bbox 688 3722 738 3782; x_wconf 80' lang='lat' dir='ltr'><strong>ts)</strong></span> <span class='ocrx_word' id='word_1_444' title='bbox 762 3726 790 3774; x_wconf 86' lang='lat' dir='ltr'><strong>et</strong></span> <span class='ocrx_word' id='word_1_445' title='bbox 807 3725 862 3775; x_wconf 80' lang='lat' dir='ltr'><strong>l’re</strong></span> <span class='ocrx_word' id='word_1_446' title='bbox 878 3719 982 3773; x_wconf 79' lang='lat' dir='ltr'><strong>Roscio</strong></span> <span class='ocrx_word' id='word_1_447' title='bbox 998 3718 1073 3770; x_wconf 79' lang='lat' dir='ltr'><strong>ceu.</strong></span> <span class='ocrx_word' id='word_1_448' title='bbox 1100 3723 1161 3770; x_wconf 76' lang='lat' dir='ltr'><strong>eti</strong></span> 
     </span>
     <span class='ocr_line' id='line_1_46' title="bbox 115 3792 1163 3862; baseline -0.005 -16"><span class='ocrx_word' id='word_1_449' title='bbox 115 3794 158 3856; x_wconf 81' lang='lat' dir='ltr'><strong>(S.</strong></span> <span class='ocrx_word' id='word_1_450' title='bbox 175 3793 225 3854; x_wconf 81' lang='lat'><strong>25)</strong></span> <span class='ocrx_word' id='word_1_451' title='bbox 242 3807 311 3846; x_wconf 84' lang='lat' dir='ltr'><strong>usus</strong></span> <span class='ocrx_word' id='word_1_452' title='bbox 328 3802 390 3862; x_wconf 84' lang='lat' dir='ltr'><strong>eet,</strong></span> <span class='ocrx_word' id='word_1_453' title='bbox 407 3805 435 3845; x_wconf 90' lang='lat' dir='ltr'><strong>et</strong></span> <span class='ocrx_word' id='word_1_454' title='bbox 452 3793 583 3856; x_wconf 74' lang='lat' dir='ltr'><strong>caesaris</strong></span> <span class='ocrx_word' id='word_1_455' title='bbox 600 3807 653 3845; x_wconf 90' lang='lat' dir='ltr'><strong>usu</strong></span> <span class='ocrx_word' id='word_1_456' title='bbox 669 3795 815 3856; x_wconf 85' lang='lat' dir='ltr'><strong>eodemque</strong></span> <span class='ocrx_word' id='word_1_457' title='bbox 832 3792 948 3845; x_wconf 83' lang='lat' dir='ltr'><strong>allorum</strong></span> <span class='ocrx_word' id='word_1_458' title='bbox 966 3792 1064 3853; x_wconf 88' lang='lat' dir='ltr'><strong>motus,</strong></span> <span class='ocrx_word' id='word_1_459' title='bbox 1083 3802 1163 3853; x_wconf 83' lang='lat' dir='ltr'><strong>quem</strong></span> 
     </span>
    </p>
   </div>
   <div class='ocr_carea' id='block_1_4' title="bbox 77 3934 1164 4240">
    <p class='ocr_par' dir='ltr' id='par_1_7' title="bbox 77 3934 1164 4240">
     <span class='ocr_line' id='line_1_47' title="bbox 131 3934 1164 4032; baseline -0.004 -17"><span class='ocrx_word' id='word_1_460' title='bbox 131 3962 176 4031; x_wconf 93' lang='lat' dir='ltr'><strong>ld]</strong></span> <span class='ocrx_word' id='word_1_461' title='bbox 194 3963 237 4017; x_wconf 81' lang='lat' dir='ltr'><strong>ct.</strong></span> <span class='ocrx_word' id='word_1_462' title='bbox 254 3966 317 4017; x_wconf 88' lang='lat' dir='ltr'><strong>adu.</strong></span> <span class='ocrx_word' id='word_1_463' title='bbox 334 3966 370 4016; x_wconf 84' lang='lat' dir='ltr'><strong>ed</strong></span> <span class='ocrx_word' id='word_1_464' title='bbox 388 3965 422 4032; x_wconf 86' lang='lat' dir='ltr'><strong>t,</strong></span> <span class='ocrx_word' id='word_1_465' title='bbox 441 3967 456 4016; x_wconf 87' lang='lat' dir='ltr'><strong>t</strong></span> <span class='ocrx_word' id='word_1_466' title='bbox 475 3962 503 4025; x_wconf 81' lang='lat' dir='ltr'><strong>S.</strong></span> <span class='ocrx_word' id='word_1_467' title='bbox 519 3963 546 4016; x_wconf 79' lang='lat' dir='ltr'><strong>t.</strong></span> <span class='ocrx_word' id='word_1_468' title='bbox 640 3962 801 4017; x_wconf 78' lang='lat' dir='ltr'><strong>censeretis</strong></span> <span class='ocrx_word' id='word_1_469' title='bbox 836 3961 1002 4014; x_wconf 79' lang='lat' dir='ltr'><strong>convenisse</strong></span> <span class='ocrx_word' id='word_1_470' title='bbox 1035 3934 1164 4014; x_wconf 75' lang='lat' dir='ltr'><strong>statuen-</strong></span> 
     </span>
     <span class='ocr_line' id='line_1_48' title="bbox 129 4035 1162 4166; baseline -0.008 -12"><span class='ocrx_word' id='word_1_471' title='bbox 129 4101 187 4162; x_wconf 77' lang='lat' dir='ltr'><strong>S·⁷</strong></span> <span class='ocrx_word' id='word_1_472' title='bbox 203 4102 382 4155; x_wconf 77' lang='lat' dir='ltr'><strong>conclament</strong></span> <span class='ocrx_word' id='word_1_473' title='bbox 394 4102 512 4166; x_wconf 80' lang='lat' dir='ltr'><strong>equites]</strong></span> <span class='ocrx_word' id='word_1_474' title='bbox 531 4111 598 4164; x_wconf 84' lang='lat' dir='ltr'><strong>ques</strong></span> <span class='ocrx_word' id='word_1_475' title='bbox 640 4035 847 4153; x_wconf 34' lang='lat' dir='ltr'><strong>emtam</strong></span> <span class='ocrx_word' id='word_1_476' title='bbox 870 4107 1012 4166; x_wconf 86' lang='lat' dir='ltr'><strong>opertere,</strong></span> <span class='ocrx_word' id='word_1_477' title='bbox 1039 4100 1088 4158; x_wconf 90' lang='lat' dir='ltr'><strong>ue]</strong></span> <span class='ocrx_word' id='word_1_478' title='bbox 1118 4098 1162 4150; x_wconf 85' lang='lat' dir='ltr'><strong>ct.</strong></span> 
     </span>
     <span class='ocr_line' id='line_1_49' title="bbox 77 4166 1162 4240; baseline -0.005 -17"><span class='ocrx_word' id='word_1_479' title='bbox 77 4183 134 4224; x_wconf 86' lang='lat' dir='ltr'><strong>aue</strong></span> <span class='ocrx_word' id='word_1_480' title='bbox 149 4186 212 4224; x_wconf 85' lang='lat' dir='ltr'><strong>eum</strong></span> <span class='ocrx_word' id='word_1_481' title='bbox 227 4172 374 4238; x_wconf 83' lang='lat' dir='ltr'><strong>praelectis</strong></span> <span class='ocrx_word' id='word_1_482' title='bbox 396 4175 431 4225; x_wconf 88' lang='lat' dir='ltr'><strong>ed</strong></span> <span class='ocrx_word' id='word_1_483' title='bbox 454 4170 599 4227; x_wconf 87' lang='lat' dir='ltr'><strong>ooneilimn</strong></span> <span class='ocrx_word' id='word_1_484' title='bbox 640 4172 703 4233; x_wconf 78' lang='lat' dir='ltr'><strong>adu,</strong></span> <span class='ocrx_word' id='word_1_485' title='bbox 718 4173 754 4225; x_wconf 84' lang='lat' dir='ltr'><strong>ed</strong></span> <span class='ocrx_word' id='word_1_486' title='bbox 768 4173 798 4240; x_wconf 86' lang='grc'><strong>6,</strong></span> <span class='ocrx_word' id='word_1_487' title='bbox 814 4175 833 4223; x_wconf 74' lang='lat'>²</span> <span class='ocrx_word' id='word_1_488' title='bbox 851 4168 1003 4233; x_wconf 55' lang='lat' dir='ltr'><strong>&amp;ested</strong></span> <span class='ocrx_word' id='word_1_489' title='bbox 1020 4166 1047 4234; x_wconf 76' lang='lat' dir='ltr'><strong>d,</strong></span> <span class='ocrx_word' id='word_1_490' title='bbox 1064 4166 1162 4229; x_wconf 62' lang='grc'><strong>666.</strong></span> 
     </span>
    </p>
   </div>
   <div class='ocr_carea' id='block_1_5' title="bbox 1287 4328 1300 4351">
    <p class='ocr_par' dir='ltr' id='par_1_8' title="bbox 1287 4328 1300 4351">
     <span class='ocr_line' id='line_1_50' title="bbox 1287 4328 1300 4351; baseline 0 0"><span class='ocrx_word' id='word_1_491' title='bbox 1287 4328 1300 4351; x_wconf 73' lang='grc' dir='ltr'><strong><em>Λ</em></strong></span> 
     </span>
    </p>
   </div>
   <div class='ocr_carea' id='block_1_6' title="bbox 0 0 1354 4726">
    <p class='ocr_par' dir='ltr' id='par_1_9' title="bbox 0 0 1354 4726">
     <span class='ocr_line' id='line_1_51' title="bbox 0 0 1354 4726; baseline 0 2"><span class='ocrx_word' id='word_1_492' title='bbox 0 0 1354 4726; x_wconf 95' lang='lat' dir='ltr'><strong> </strong></span> 
     </span>
    </p>
   </div>
  </div>
 </body>
</html>
