2700 4726
399 326 505 399 tle.
528 323 610 401 vll.
655 323 775 402 GAP.
795 329 843 400 to
1094 336 1163 409 469

63 537 109 584 ex
131 516 260 623 coenis
283 516 519 604 mulorumque
547 515 689 605 produci
711 534 797 605 equo
818 517 873 585 his
893 522 1080 590 strumento
1102 521 1161 591 de·

140 736 176 775 ex
195 723 298 776 cestris
318 725 502 787 mulorumque
520 723 632 785 produci
650 736 718 788 eque
736 723 778 775 iris
796 727 948 777 strumento
968 727 1088 789 detrahi]
1106 741 1159 785 om.

104 796 204 849 Humi.
222 808 261 847 ec
279 795 386 845 castris
403 794 521 846 detrahi
534 795 702 856 reliquorum·
717 793 838 855 plerique
855 807 916 844 cum
930 797 988 846 edd.
1004 806 1067 849 unte
1080 801 1159 862 Llps.

99 861 322 933 ‚‚1n0mnlous‚
343 876 412 927 quoe
428 862 502 927 uidi,
525 863 725 924 exemplaribus
745 865 820 914 locus
838 863 882 913 llic
902 876 1019 916 mancus
1032 870 1160 919 mutilus-

102 947 156 998 que
174 934 375 984 circumfertur.
394 931 474 982 unius
493 930 582 981 autem
600 932 695 996 optimi
711 931 765 991 mei
783 931 846 983 libri
863 945 913 995 ope
933 933 1032 998 insigni
1051 939 1158 999 replete

99 1003 204 1056 iocoue
227 1001 266 1053 ite
284 1002 361 1054 iilum
380 1000 586 1061 supplevimus:
612 1001 710 1052 'Prima
728 1003 788 1050 luce
806 1013 933 1065 magnum
949 1016 1088 1057 numerum
1105 1006 1158 1059 im-

99 1072 316 1136 pedimentorum
334 1084 369 1121 cx
386 1070 486 1121 castris
504 1073 687 1133 mulorumque
701 1070 822 1136 produci,
840 1084 928 1135 neque
939 1071 975 1122 iis
989 1074 1158 1129 ferramento

98 1141 210 1193 detrahi
233 1140 420 1203 mulionesque
444 1135 526 1189 etc.“
552 1141 672 1189 Vrsinus
700 1141 813 1190 limeud.
853 1139 921 1192 cnm
942 1142 1039 1193 Vrsini
1061 1145 1157 1196 codice

98 1207 275 1261 consentiunt
292 1215 372 1277 vetus
391 1209 476 1258 codex
495 1208 526 1257 D.
541 1208 647 1274 vossii,
666 1208 715 1258 Cu.
730 1209 785 1259 deo.
803 1208 885 1259 liubr-
904 1212 933 1260 et
944 1211 1021 1274 (iud,
1040 1213 1068 1265 S.
1080 1215 1157 1267 Leid.

98 1283 134 1331 A.
143 1280 203 1334 Pet.
212 1289 268 1329 sec.
278 1277 361 1330 Gunti.
371 1278 499 1341 elusor,
514 1289 607 1341 mergo
616 1278 674 1328 Pet.
686 1278 766 1343 ond,
779 1279 850 1328 liar.
860 1279 893 1329 Α.
902 1279 983 1330 Viud.
992 1285 1157 1345 Μνησιπ-

97 1360 180 1413 quum
196 1348 266 1411 quod
282 1348 309 1398 lui
324 1360 418 1407 omnes
429 1349 593 1397 strorneutu
607 1360 655 1407 pro
670 1347 865 1413 ferramento,
881 1360 933 1414 pro
947 1350 982 1400 ite
995 1356 1085 1402 eutem
1099 1356 1157 1409 vet.

98 1418 252 1470 cod.Voss.
268 1417 310 1483 in,
328 1418 377 1469 cu.
393 1430 450 1467 sec.
465 1415 548 1465 Febr.
564 1425 592 1463 et
600 1418 658 1465 Pet.
671 1424 727 1467 sec.
739 1412 825 1467 Coud.
839 1421 867 1468 ei
874 1417 957 1468 eaor.
972 1432 1032 1470 cum
1041 1421 1156 1472 Huv.A.

97 1484 183 1540 vinu.
198 1489 232 1537 A.
248 1486 293 1536 itis
307 1487 444 1543 exhibent.
480 1485 686 1552 Ferramenta,
699 1497 751 1547 quo
765 1485 872 1537 nornine
885 1486 991 1539 caesar
1004 1489 1032 1555 i,
1051 1491 1085 1540 42
1099 1489 1124 1557 ᾗ.
1138 1493 1157 1540 3

97 1558 247 1608 secuudum
262 1556 371 1619 linguae
383 1568 463 1605 usum
475 1553 655 1604 iustrumenta
669 1555 900 1619 ierreuuppeilat,
911 1557 1157 1610 Vrsiuumexcon·

96 1626 207 1678 iectura
223 1628 257 1676 de
275 1626 360 1675 soleis
378 1636 427 1674 seu
443 1624 545 1674 celcris
558 1623 658 1674 ferreis
674 1624 839 1686 cogitantem
851 1624 963 1689 iecisse,
980 1629 1157 1694 stramenta,

96 1695 197 1759 quilius
210 1693 239 1761 5,
252 1691 288 1745 tc
301 1694 328 1754 s·
343 1698 457 1753 tuusne
472 1696 561 1743 tectae
572 1692 707 1756 dicuntur,
719 1692 844 1754 lipsium
855 1706 890 1742 ex
898 1695 992 1745 codice
1000 1698 1158 1751 restituisse

96 1762 270 1826 indidemque
288 1764 407 1812 reisue
426 1765 524 1823 sponte
544 1773 615 1824 eque
633 1760 669 1810 iic
686 1766 843 1826 proutque
860 1762 897 1812 iie
914 1763 1062 1827 scripsisse
1080 1768 1158 1818 oriri-

95 1836 174 1896 iror,
190 1846 270 1896 quem
288 1832 413 1895 Scaliger
431 1837 459 1879 et
475 1830 573 1893 reliqui
591 1828 720 1892 deinceps
740 1831 828 1881 secuti
846 1834 919 1883 suut.
954 1832 1069 1886 Codices
1086 1839 1157 1888 And.

94 1909 127 1953 et
143 1902 196 1955 ox.
215 1905 240 1954 i.
257 1903 277 1953 l.
294 1900 337 1951 soi
354 1898 501 1950 dissimiles
517 1903 600 1961 atque
616 1900 711 1949 eoderu
730 1911 806 1965 casu,
826 1912 878 1961 quo
891 1901 975 1965 flung.
989 1907 1024 1955 Α.
1042 1912 1071 1954 et
1085 1906 1157 1956 reli-

98 1984 170 2036 quos
188 1973 347 2022 decuriatos
366 1981 428 2018 esse
450 1968 587 2018 silentium
607 1967 788 2027 oudendorpit
804 1971 833 2018 et
850 1969 950 2022 Aldine
965 1973 1091 2023 recensio
1109 1988 1158 2027 ur·

93 2040 172 2106 guit,
203 2053 274 2106 quoe
297 2040 393 2089 eadem
416 2038 506 2087 omnio
522 2035 627 2099 puriter
645 2044 726 2097 utque
742 2038 945 2100 Metuplrrustes
962 2041 991 2090 et
1007 2041 1158 2098 Petrerclru

93 2112 214 2175 ignoret.
251 2111 370 2170 Quorum
390 2105 460 2156 ulter
478 2106 549 2155 diist.
573 2104 613 2170 18,
633 2108 650 2154 3
669 2106 853 2156 nuecllobet:
888 2105 1051 2159 Oeieuiotie
1067 2112 1158 2177 iepic.

95 2180 190 2244 mitur,
209 2177 292 2244 quasi
309 2176 385 2242 quod
401 2174 483 2225 uliud
503 2175 579 2226 esset
596 2174 729 2238 acturus,
750 2176 781 2224 et
798 2174 854 2226 lonc
870 2174 937 2225 iiiuc
951 2189 1008 2241 per
1025 2180 1160 2233 tenebrae

96 2250 204 2300 mortis*
217 2259 321 2312 moquo
344 2245 473 2306 strepitu
498 2243 670 2295 discurrere
694 2243 782 2293 iussis
806 2244 947 2310 equitibus
968 2249 1000 2298 et
1016 2247 1159 2301 immistis

93 2319 201 2371 turice
214 2314 383 2367 mulionibus
391 2313 531 2379 ,quiretis
551 2324 605 2377 quo
617 2311 713 2362 uroior
726 2325 762 2364 ae
775 2312 958 2376 strepentior
970 2318 1066 2368 motus
1081 2321 1160 2373 esset

96 2388 280 2451 omniumque
297 2384 410 2434 animos
423 2394 532 2434 errore
548 2393 585 2432 uc
600 2393 711 2444 pauore
729 2381 817 2432 eoric
834 2384 924 2447 utque
938 2383 1056 2437 incerte
1068 2400 1160 2451 eupe-

95 2456 227 2509 ciutione
244 2454 444 2513 suspenderet.
462 2454 534 2503 ulier
553 2452 634 2500 hoec:
652 2445 694 2500 πά
717 2445 787 2500 noio
801 2444 831 2501 tt
843 2454 890 2501 uui
903 2450 1076 2521 σκευοφόρων
1087 2452 1161 2525 πλῆ-

97 2526 155 2579 θος
178 2518 241 2592 ἅμα
265 2516 301 2591 τῇ
323 2515 412 2603 liei&
430 2514 460 2570 ἐκ
477 2513 527 2570 τοῦ
545 2519 684 2584 occucurri
703 2537 735 2569 oo
754 2514 897 2586 ἐξαγαγών
916 2519 974 2575 τοῖς
990 2517 1160 2592 ἱπποκόμοις

95 2588 188 2663 κράνη
205 2585 348 2650 iudicent,
380 2605 448 2638 wore
466 2581 574 2638 ἱππέων
592 2581 676 2643 δόξαν
693 2585 752 2640 roi'e
766 2585 907 2653 metopium
924 2591 1067 2656 παρέχειν,
1084 2590 1158 2645 κατὰ

96 2659 162 2717 eoric
174 2658 225 2713 τοῦ
239 2655 316 2727 ὅρους
328 2651 427 2723 io'qrouc
441 2655 579 2722 περιιέναι
592 2649 765 2722 παρήγγειλε.
777 2657 871 2716 'utque
879 2659 905 2706 in
913 2658 1029 2710 lectione
1036 2670 1100 2712 atrio
1109 2663 1158 2715 iri·

95 2733 186 2797 psium
201 2731 323 2792 vulgatu,
342 2727 367 2774 si
380 2723 499 2776 detrudi
513 2728 704 2775 mutareturiu
716 2724 850 2789 produci,
866 2727 964 2777 Morus
976 2731 1157 2792 acquiescen-

97 2803 161 2853 dum
180 2800 294 2862 putatet
311 2795 583 2857 impedimentorum
600 2792 706 2842 nomine
727 2795 816 2845 mulos
829 2795 897 2845 sutis
911 2799 1056 2860 perspicue
1069 2799 1158 2864 sigui·

95 2870 206 2936 doetus,
224 2868 369 2919 mulorum
387 2861 586 2924 interpretandi
602 2872 690 2913 oense
704 2860 734 2911 iu
751 2864 879 2927 margine·
892 2865 1012 2918 additum
1024 2880 1060 2917 ex
1072 2880 1158 2932 eoque

97 2952 184 3007 porro
208 2949 280 3004 eque
301 2935 338 2987 iis
361 2932 528 2987 stramento
550 2931 670 2983 detrudi
691 2932 782 2983 ortum
803 2932 974 2989 existimaus.
1013 2936 1159 2991 Diiuerue

59 3108 158 3175 colligi
172 3111 269 3171 potest.
302 3101 590 3161 Nulioeulmretione
632 3099 701 3152 stris
730 3103 759 3151 et
788 3101 916 3155 onerlons
942 3104 1066 3170 cogitare
1089 3118 1158 3171 opu,
1229 3112 1231 3117 .

60 3179 258 3242 impedimento
301 3174 480 3238 interpretari
522 3171 590 3221 licet
632 3171 1159 3241 uonest,qtqpt1,qmq„„„„„„

61 3249 268 3318 ‘iiodpfttot'
285 3255 365 3308 quam
377 3256 457 3295 uuum
470 3241 590 3307 speciem
632 3240 707 3293 licet.

60 3330 197 3382 nusquam
215 3329 248 3365 ue
264 3315 286 3364 ii
299 3313 415 3376 quidem,
433 3311 477 3375 qui
491 3314 525 3362 dc
538 3323 589 3360 au·
682 3319 752 3374 eque
768 3306 825 3369 ilis]
843 3306 886 3360 (ii.
905 3306 932 3375 5,
950 3313 986 3362 36
997 3311 1054 3373 S.2
1072 3312 1160 3380 inque

61 3399 137 3441 nouo
160 3383 360 3449 impedimentis
382 3380 590 3451 tribulareris
632 3391 696 3431 eam
716 3389 788 3429 rem.
806 3378 867 3430 civ.
887 3381 921 3442 2,
940 3380 975 3430 ιο
992 3383 1018 3444 s,
1037 3386 1054 3432 2
1072 3384 1160 3449 inq„

60 3456 181 3520 iaciunt,
200 3456 231 3505 ut
242 3453 312 3517 legis
326 3453 370 3503 28.
384 3449 486 3501 codicis
500 3450 590 3499 'i'lreo-
633 3450 686 3500 eis.
703 3447 739 3499 lo.
758 3449 787 3512 9,
803 3447 822 3498 7
839 3460 934 3510 euque
950 3461 994 3500 eu.
1012 3454 1040 3518 3,
1062 3452 1113 3504 108
1130 3455 1160 3517 ς,

63 3525 135 3578 dosll
159 3526 193 3575 de
216 3521 376 3586 erogatione
393 3519 521 3571 militaris
538 3530 590 3568 uu·
633 3523 778 3581 aperque
796 3517 928 3582 foedera.
953 3519 1033 3571 Alex.
1059 3521 1110 3586 51,
1142 3525 1159 3574 ι

61 3605 156 3648 nonae
175 3592 311 3657 scriptor,
344 3589 425 3652 quive
444 3588 593 3653 interiecto
633 3599 745 3652 perque
755 3586 977 3638 Mauritaniam.
996 3597 1024 3638 et
1041 3594 1110 3651 quod
1124 3592 1160 3644 ad

61 3676 128 3715 esse
158 3663 208 3715 eut
239 3660 373 3712 cecidisse
402 3658 592 3721 impedimento
634 3655 860 3719 praepositionem
879 3657 992 3724 utlluet,
1015 3659 1096 3710 Alex.
1113 3660 1168 3729 59,

62 3735 175 3798 dicunt,
201 3735 231 3781 ut
249 3729 399 3782 Frontinus
424 3729 542 3789 struteg.
562 3729 591 3790 2,
635 3728 772 3776 tuomeu
789 3725 916 3789 Pompeii
938 3738 978 3777 ec
998 3730 1090 3779 scutis
1107 3731 1160 3782 de-

63 3808 81 3856 1
99 3802 128 3864 S.
146 3802 180 3853 11
200 3803 229 3850 et
240 3801 337 3850 hirtus
353 3798 398 3862 38,
415 3794 448 3846 tr
469 3798 496 3859 s.
515 3798 543 3862 3,
559 3805 592 3844 eo
636 3797 809 3846 iromeruut.
829 3794 889 3845 viv.
909 3798 934 3856 1,
952 3796 987 3845 tio
1005 3798 1031 3860 s.
1050 3802 1069 3849 o
1085 3803 1160 3851 ceie-

63 3871 172 3925 nomiue
191 3870 364 3934 siguldcosse
381 3866 524 3924 videntur,
542 3866 593 3915 loc
634 3864 716 3915 riter
731 3877 769 3915 eu
787 3864 880 3915 tertio
895 3862 957 3916 acie
970 3866 1097 3935 stropulos
1110 3881 1161 3921 ω.

63 3952 133 3993 vero
163 3942 228 3992 loco
257 3939 282 3989 si
305 3932 412 3987 Ouesur
435 3932 594 3998 significare
636 3933 737 3985 tortas
755 3932 898 3984 aetram,

63 4008 221 4072 voluisset,
250 4018 388 4072 ogesoms
414 4014 521 4068 quoque
546 4002 595 4053 vel
684 4002 848 4064 strumenta]
872 4003 1071 4070 „strumenta
1094 4014 1162 4058 mu-

65 4081 228 4145 equisoues,
257 4089 311 4127 uon
333 4075 468 4126 muliones
488 4074 594 4123 tentum
634 4072 747 4134 iorum,
779 4073 907 4124 sarcinae
939 4071 975 4123 iis
1007 4075 1161 4141 impositae,
1242 4090 1246 4099 ·

62 4153 319 4208 commemorassem
364 4146 413 4194 sed
451 4144 593 4194 contracto
634 4141 771 4207 clitellae,
788 4150 840 4206 ee,
859 4139 956 4204 quibus
973 4142 1039 4193 muli
1056 4145 1167 4194 inerter·¹

64 4211 592 4283 nmlomsuutitu,qucuieutep1ou·
634 4206 1050 4265 uuntur.“iiorusiu-1udiee.
1087 4214 1162 4275 Quo

867 4273 949 4348 30*
