2700 4726
398 282 502 355 illl.
525 283 609 356 vll
653 281 776 357 GAP.
798 288 833 356 4.
1085 288 1152 356 339

62 464 219 534 omnihus
250 471 428 538 tormentis
447 478 562 554 necat,
593 472 720 540 leviore
740 471 782 540 de
802 489 905 540 causa
927 470 1067 540 auribus
1089 470 1149 539 de-
1217 488 1222 497 ·

58 557 164 623 sectis
197 563 260 631 aut
287 558 432 643 singulis
462 560 596 627 effossis
625 562 734 628 oculis
754 560 888 634 domum
912 561 1078 644 remittit,
1108 567 1148 627 ut

61 644 130 709 sint
158 643 305 730 reliquis
336 647 535 714 documento
560 655 594 713 et
621 648 851 733 magnitudino
873 669 1000 737 poenae
1018 654 1148 736 perter-

60 738 158 797 reant
190 732 289 798 alios.
350 738 384 802 5.
420 734 488 802 His
515 735 696 823 suppliciis
724 738 882 802 celeriter
912 743 1029 802 coacto
1051 757 1177 802 exer--

61 819 130 884 citu
153 816 351 885 Lucterium
375 819 586 902 Cadurcum,
615 845 765 889 summae
786 823 952 889 hominem
976 822 1149 905 audaciae,

62 927 137 972 eum
160 917 259 993 parte
284 909 454 994 copiarum
478 912 513 976 in
537 909 690 977 Rutenos
715 911 839 976 mittit:
864 911 938 997 ipse
960 911 994 974 in
1016 909 1148 977 Bituri-

61 1014 120 1078 ges
148 995 389 1080 proficiscitur.
432 996 517 1065 Eius
544 998 689 1064 adventu
711 997 887 1083 Bituriges
909 996 952 1062 ad
973 995 1147 1080 Haeduos,
1167 1005 1191 1067 2

61 1102 202 1166 quorum
225 1092 322 1147 erant
344 1083 379 1148 in
402 1083 485 1163 fide,
517 1080 659 1170 legatos⁴
674 1085 813 1151 mittunt
836 1083 1024 1150 subsidium
1048 1106 1148 1171 roga-

61 1174 143 1250 tum,
163 1189 232 1256 quo
246 1170 379 1235 facilius
394 1170 539 1237 hostium
558 1173 673 1260 copias
689 1172 857 1237 sustinere
869 1173 1014 1259 possint.
1056 1171 1149 1239 Hae·
1170 1188 1191 1251 3

63 1254 121 1322 dui
150 1254 194 1322 de
227 1257 371 1324 consilio
396 1258 602 1345 legatorum,
639 1279 724 1346 quos
748 1258 876 1328 Caesar
899 1258 942 1325 ad
966 1260 1149 1326 exercitum

125 1431 154 1494 S.
175 1435 193 1483 9
212 1431 283 1500 igini]
300 1431 367 1499 ipae
383 1434 472 1500 „Mas
489 1429 642 1484 6666666(ι
659 1433 734 1484 Gott.
751 1435 835 1487 Voss.
855 1437 890 1485 A.
906 1436 983 1499 ligra.
1000 1434 1071 1487 Iov.
1084 1436 1149 1488 Par.

92 1501 125 1551 A.
149 1503 200 1555 Dr.
222 1502 277 1551 All.
295 1505 375 1554 Vrat.
402 1503 479 1553 Aac.
505 1505 585 1554 ootn.
608 1506 638 1553 Β.
661 1504 758 1555 llamb.
781 1504 864 1555 Vino.
883 1504 979 1556 naal.
1004 1506 1149 1558 eddonis

92 1572 155 1623 All.
175 1572 245 1636 quod
264 1585 316 1624 nou
334 1579 396 1623 erat
412 1572 543 1624 deterius.
579 1572 623 1623 ci.
644 1576 705 1623 adn.
723 1587 763 1623 cr.
783 1574 818 1624 ed
835 1575 869 1630 6,
889 1576 922 1624 19
941 1572 1012 1647 6Ὶὸ.
1115 1621 1116 1625 ,

125 1637 211 1706 alios]
231 1652 283 1691 om.
303 1644 387 1694 Dorv.
399 1642 460 1692 Pal.
480 1643 559 1693 Vrat.
579 1641 611 1692 (i.
626 1643 707 1693 Goon.
724 1643 754 1691 li.
788 1643 825 1705 Et
842 1641 989 1693 offendisse
1006 1642 1034 1690 in
1051 1652 1085 1693 eo
1103 1638 1150 1692 vi-

93 1710 172 1761 aletur
189 1709 316 1776 Lipsius,
344 1712 421 1761 cuius
439 1712 530 1762 notula
549 1712 578 1761 in
594 1712 677 1762 liallr.
694 1720 737 1760 est
753 1713 824 1778 ptos.
842 1725 876 1761 ex
895 1722 949 1774 qua
968 1710 1036 1762 oud.
1055 1715 1150 1772 patere

93 1778 159 1828 dicit
175 1777 272 1840 Lipsio
288 1783 356 1830 nanc
374 1791 470 1830 vocem
488 1791 537 1841 pro
557 1782 652 1843 glossa
673 1791 827 1842 suspectam
846 1779 953 1845 fuisse,
972 1781 1023 1829 sed
1039 1782 1150 1841 plenum

92 1847 318 1911 perspicuumque
332 1848 463 1900 caesaris
481 1851 585 1910 stylum
602 1862 732 1900 resecare
750 1862 809 1900 eom
828 1849 936 1901 omnino
950 1852 1056 1903 vetare.
1093 1849 1150 1900 Po·

93 1916 147 1966 tius
173 1917 317 1983 dicendum
340 1920 416 1984 erat,
448 1918 473 1968 si
497 1919 571 1968 aiios
596 1920 721 1979 abesset,
747 1919 909 1968 audiendum
928 1929 991 1966 esse
1009 1916 1150 1984 reliquos,

93 1984 173 2050 idque
197 1986 287 2036 minus
311 1989 337 2039 lr,
359 1989 379 2037 l.
407 1991 500 2049 aptum
527 2000 600 2037 esse.
641 1986 761 2035 Docendi
780 1987 903 2048 quidem,
929 1989 1061 2049 qinomodo
1079 1986 1150 2048 ipsis

93 2057 227 2118 agendum
254 2059 347 2116 esset,
377 2065 459 2106 erant
478 2067 588 2120 omnes,
619 2055 791 2117 perterreudi
809 2066 875 2106 vero
894 2055 929 2117 li,
958 2055 1004 2117 qui
1021 2055 1149 2109 similiter

94 2125 253 2187 delinquere
274 2127 385 2174 velient.
742 2172 744 2175 .

127 2192 196 2255 cap.
222 2193 248 2244 5.
274 2192 300 2250 S.
324 2198 350 2243 2.
373 2192 492 2254 possint]
514 2195 634 2257 possent
650 2189 728 2244 Leid.
745 2194 780 2242 A.
796 2189 879 2246 Vind.
896 2194 930 2243 A.
948 2193 1043 2258 „ltin
1062 2192 1151 2257 qdd.“

94 2262 172 2325 liryl.
191 2274 218 2313 a.
239 2260 319 2315 1548.
336 2263 415 2316 Turr.
434 2263 477 2313 ci.
496 2275 520 2312 c.
539 2263 570 2330 1,
586 2264 614 2315 7.
632 2265 660 2327 2,
678 2265 704 2315 2.

111 2416 181 2481 cap.
206 2415 232 2468 5.
258 2416 285 2478 §.
311 2421 336 2468 1.
367 2417 417 2468 llis
437 2417 583 2482 suppliciis
628 2416 793 2484 ottenttidiei,
816 2416 955 2485 clupeatos
973 2419 1039 2485 tecet
1055 2419 1150 2487 anione

64 2487 194 2541 celeriter
215 2490 314 2538 coacto
338 2488 475 2547 exercitu]
507 2491 584 2538 Haec
628 2501 684 2542 men
709 2486 819 2555 getcod'pt
842 2501 904 2544 mot.
945 2490 1036 2552 Atque
1054 2489 1151 2540 eadem

63 2557 215 2620 supplicia,
245 2569 317 2618 quae
348 2556 381 2606 de
404 2557 530 2609 adductis
556 2559 585 2607 et
627 2558 737 2606 ratione
765 2558 839 2606 dicta
869 2570 933 2607 esse
957 2566 1074 2619 possunt
1099 2559 1151 2610 illa

62 2627 272 2690 praesentinus,
306 2626 352 2687 qui
380 2627 583 2693 delinquerent,
627 2627 661 2674 de
674 2625 838 2675 Viridovice
852 2630 878 2690 3,
896 2629 929 2679 17
941 2626 1012 2688 §.22
1032 2641 1070 2678 ear
1086 2628 1152 2693 qni·

62 2698 250 2757 sumerentur,
283 2695 366 2744 etiem
384 2697 420 2744 ad
435 2698 584 2745 mittendos
627 2696 677 2745 tas
697 2695 887 2756 (civitatibus)
903 2697 1068 2746 coercitam
1088 2690 1162 2753 mad

63 2768 91 2815 et
120 2764 297 2815 adducendos
320 2765 377 2813 vim
402 2765 531 2815 lrabuisse
555 2766 585 2814 in
628 2777 755 2828 puerque
769 2766 1027 2829 copioscodperat,
1047 2773 1095 2820 oue
1112 2761 1155 2820 tei

61 2835 206 2896 superiore
221 2834 286 2885 adn.
300 2832 515 2884 demonstratum
529 2838 584 2899 est,
627 2847 675 2886 nen
693 2847 718 2887 et
737 2833 774 2887 ein
793 2832 930 2900 sinantias
946 2836 995 2889 unt
1007 2834 1152 2904 &antorides

61 2908 141 2968 atque
157 2905 220 2953 eius
237 2903 280 2952 rei
297 2903 407 2953 ratione
425 2904 518 2954 nauita
535 2915 584 2953 cs·
628 2903 693 2968 Speos
712 2902 964 2970 aalammenpettacnt
983 2904 1060 2973 totto.

59 2975 157 3025 lerlter
181 2972 218 3022 iis
243 2980 270 3020 et
295 2985 347 3033 per
373 2984 406 3022 ea
425 2976 537 3023 coactus
556 2975 585 3022 et
677 2984 799 3021 summae
833 2975 968 3022 nominem
1004 2970 1152 3038 audaciae]

60 3043 237 3104 comparatus
266 3053 403 3103 nurumque
434 3043 477 3091 inf
493 3044 583 3092 locum
627 3040 687 3088 Hoc
699 3053 734 3088 ex
748 3042 902 3104 legatorum
916 3042 1022 3093 litteris
1036 3043 1151 3103 petitum

57 3114 212 3164 conductus
241 3109 297 3160 dici
321 3111 410 3172 potuit
432 3111 584 3161 exercitus.
626 3108 755 3159 iudicium
780 3111 899 3161 videtur.
935 3110 978 3162 cr.
996 3124 1020 3161 c.
1042 3109 1103 3170 88.
1125 3113 1153 3160 l.
1248 3154 1253 3169 ,

58 3183 162 3233 lamen
181 3181 295 3244 mirum,
319 3180 345 3229 si
362 3181 407 3238 iu,
425 3182 497 3243 quod
515 3193 582 3243 pro·
679 3176 817 3245 Rutenos]
848 3179 890 3228 De
918 3178 963 3228 llis
991 3180 1027 3229 ci.
1051 3177 1152 3229 Ukerti

57 3253 132 3303 xime
150 3253 180 3300 st
199 3249 317 3300 maxime
334 3249 370 3298 iis
385 3250 459 3299 effici
472 3251 583 3312 poterat
626 3247 720 3296 Gallia
736 3262 762 3310 p.
777 3250 837 3299 266.
872 3249 961 3297 lirallt
974 3245 1083 3296 finitimi
1096 3247 1152 3297 Ca-

57 3325 87 3373 et
110 3321 243 3383 debebat,
272 3321 303 3367 ut
328 3322 491 3381 praesentes
509 3320 582 3370 dicto
626 3316 736 3380 turcis,
760 3319 797 3365 ad
813 3318 956 3365 meridiem
975 3317 1024 3365 siti
1042 3319 1151 3365 Arver-

56 3390 204 3441 eudientcs
234 3390 331 3437 essent
362 3389 526 3450 imperatori
554 3382 592 3437 et*
625 3388 678 3436 nis.
712 3386 910 3450 [legationibus
926 3384 1082 3446 (c.48.5)
1098 3396 1151 3446 pa-

57 3454 173 3512 stre'nue
198 3471 230 3508 ss
252 3458 378 3507 exerceri
396 3461 431 3508 ab
449 3472 481 3508 eo
502 3461 582 3521 pate·
626 3457 718 3504 ruisse
738 3469 793 3506 uon
808 3457 896 3519 magis
912 3457 1051 3514 videntur,
1071 3466 1152 3515 quam

55 3533 158 3583 rentur
182 3532 211 3578 et
238 3527 370 3577 celeriter
388 3529 582 3578 condiscerent
625 3525 782 3591 Bituriges,
813 3528 860 3587 qui
878 3526 914 3574 ad
931 3523 1150 3588 septentrionem

57 3611 129 3664 quae
163 3598 200 3648 ad
223 3596 351 3646 militiam
378 3608 447 3659 opus
476 3601 582 3660 essent,
626 3607 726 3644 versus
745 3593 829 3656 positi
847 3596 881 3642 ab
904 3593 1041 3642 Arvernis
1060 3596 1150 3643 erant.

56 3668 135 3721 nolio
150 3668 237 3717 verbo
251 3665 494 3728 significatumest.
523 3668 582 3716 lta·
679 3663 705 3723 S.
723 3665 750 3714 2.
767 3662 901 3721 adventu]
926 3661 968 3712 Gi.
988 3662 1052 3715 adn.
1070 3664 1106 3714 ad
1125 3667 1152 3730 3,

56 3751 110 3801 que
128 3734 271 3800 suspicari
286 3735 355 3784 licet
373 3737 473 3785 coacto
494 3748 584 3786 ecel·-
626 3737 660 3784 23
679 3733 705 3793 S.
726 3729 754 3782 A.

56 3810 119 3860 citu
140 3810 165 3858 ll.
186 3806 207 3854 l.
226 3817 283 3855 uon
300 3806 361 3870 illo,
380 3803 426 3865 qui
444 3816 514 3853 sane
532 3819 583 3854 usu
678 3803 704 3861 S.
730 3806 756 3851 3.
785 3801 819 3850 de
844 3799 960 3851 consilio
981 3803 1151 3865 legatorum]

55 3880 189 3938 receptus
205 3877 277 3939 crat,
293 3874 343 3924 sed
356 3872 438 3936 paulo
452 3875 584 3935 ampliore
627 3871 670 3921 Gi.
690 3871 814 3922 llandius
833 3873 912 3921 Ture.
930 3872 964 3935 2,
983 3870 1033 3922 215
1051 3872 1152 3922 dictio-

55 3959 143 3997 seusu
163 3945 284 4006 positum
301 3955 375 4005 esse,
394 3940 444 4006 'qui
461 3949 584 3994 tamena
627 3955 677 3990 nes
690 3942 890 4004 desententic,
904 3940 1032 4003 consitio,
1047 3943 1153 3992 votan-

56 4014 175 4079 propria
201 4013 322 4070 nominis
346 4015 374 4062 et
399 4012 479 4061 verbi
498 4011 586 4074 signi·
629 4013 707 4072 tate,
727 4013 870 4077 emempio,
890 4022 986 4075 inore,
1003 4012 1152 4073 compacto

56 4085 190 4136 tratione
208 4095 265 4133 non
283 4083 392 4131 alienus
406 4084 497 4132 esset:
517 4080 586 4145 nodi:
630 4084 764 4144 tractans,
785 4079 832 4141 qui
852 4092 901 4142 pro
920 4079 981 4129 Civ.
1001 4083 1035 4143 3,
1054 4078 1088 4143 l,
1107 4079 1152 4127 ubi

56 4157 112 4209 tom
137 4152 211 4220 outo
239 4151 298 4216 titio
316 4151 427 4218 &tocies
445 4149 529 4219 idatii
548 4152 585 4208 ein
629 4151 698 4203 lrluil
718 4148 990 4245 eiusmodi'lepitnr,
1018 4152 1090 4198 niano
1108 4150 1152 4197 lo-

109 4238 149 4290 ll.
899 4219 945 4282 22
