2700 4726
419 267 524 338 ιιι.
549 265 630 335 vrr.
682 264 797 337 cnr.
821 269 867 335 oo
1097 266 1181 355 ¹err

95 464 231 530 nuciurn
248 456 407 526 'Basilum
436 480 511 523 cum
542 455 735 541 legionibus
761 454 893 520 duobus
919 455 954 519 in
976 452 1092 521 Remis
1114 453 1185 519 col-

95 553 206 628 lucet,
230 571 270 614 ne
295 568 394 632 quarn
417 545 458 609 eb
475 545 639 610 finitumis
652 543 843 609 Bellovacis
860 542 1083 607 calamitatem
1100 542 1186 605 uoci-

95 640 205 727 pieni.
249 635 370 703 Guium
393 633 582 699 Antistium
607 630 772 718 Reginum
794 632 829 696 in
844 630 1104 708 Ambiberetus,
1123 628 1186 695 'lt-
1208 641 1229 702 6

168 839 330 907 Minucium]
356 840 515 892 Miouiium
538 840 623 889 Voss.
649 839 681 886 Α.
708 838 786 900 Egm.
805 836 885 888 Febr.
905 838 987 902 liong.
1013 841 1045 887 Α.
1063 836 1105 887 Pi.
1125 837 1186 888 Par.

133 914 169 965 A.
190 914 271 964 Gothi
292 913 322 960 li.
342 911 440 962 llemb.
459 911 510 960 (in.
530 909 603 958 Goit.
622 907 689 958 Wb.
709 909 825 958 Mede.
846 909 914 957 Ven.
933 907 1021 958 bedei.
1045 907 1106 956 iler.
1125 908 1186 958 Ald.

132 996 160 1034 s
180 984 228 1036 (ir.
248 982 291 1032 eb.
308 980 340 1031 P.
352 985 424 1032 blan.
444 982 484 1030 Si.
498 979 584 1029 Frell.
603 979 683 1026 'lure
700 972 833 1028 Mincii*
851 977 923 1027 iiotl.
938 977 1021 1032 Febr.
1032 975 1188 1027 Mimiiium
1282 1016 1285 1021 .

135 1053 214 1105 lium.
239 1064 264 1102 e.
287 1050 446 1101 Mecilium
468 1050 550 1100 Vind.
574 1046 605 1102 G.
629 1047 783 1096 munitium
806 1042 883 1098 lletv,¹
896 1048 929 1096 A.
952 1045 1098 1097 minicium
1117 1056 1135 1096 e
1151 1057 1187 1095 m.

135 1134 179 1184 pr.
201 1123 283 1170 Vret.
301 1120 332 1169 B.
352 1117 597 1169 nomicumtVind.
616 1116 637 1167 l.
654 1116 694 1166 iil.
715 1116 795 1165 Vret.
813 1120 846 1167 A.
882 1115 912 1165 lu
937 1117 1016 1166 Gotlr.
1034 1109 1067 1162 Α.
1089 1126 1189 1165 nomen

139 1204 200 1241 cum
227 1189 401 1251 praenomine
425 1187 579 1248 abscisum,
601 1183 630 1234 in
655 1187 728 1235 Gott.
753 1185 834 1235 Febr.
857 1185 904 1238 Dr.
929 1189 962 1236 Α.
988 1183 1189 1236 vtud.1i.dn.

136 1256 305 1323 praenomini
324 1257 522 1321 antepositum,
541 1255 568 1304 in
587 1253 661 1305 (ioli.
678 1256 745 1306 Wb.
763 1255 934 1316 praenomine
951 1254 1107 1304 destitutum
1123 1261 1174 1303 est.

175 1343 307 1402 Basilum]
326 1340 467 1393 Basiliam
485 1338 619 1407 „mulii“
646 1340 722 1394 (icit.
741 1340 823 1391 Febr.
848 1341 929 1398 (wi.
957 1339 1076 1391 basilion
1099 1354 1134 1391 ex
1159 1349 1193 1388 eo

141 1415 243 1470 refert)
260 1414 348 1463 llaen.
364 1411 414 1462 Dr.
433 1412 488 1464 Ali.
506 1411 587 1460 Vret
606 1410 637 1462 c.
657 1410 736 1461 ilotb.
754 1411 783 1458 li.
806 1410 850 1472 et,
875 1410 904 1458 lu
927 1422 982 1471 qno
999 1412 1068 1461 duee
1087 1410 1192 1472 priores

140 1483 269 1547 syllabae
288 1478 415 1531 abscisse
434 1484 512 1543 sunt,
529 1479 563 1527 Α.
580 1478 678 1529 llamb.
694 1479 776 1528 Viud.
797 1478 851 1531 cu.
871 1478 947 1530 Pelr.
964 1481 1024 1529 edd.
1041 1487 1103 1537 unte
1117 1478 1192 1540 lips.
1259 1516 1260 1519 ,

136 1546 268 1605 Bcciiroe
287 1549 357 1669 Meti
374 1562 426 1602 otu.
445 1550 515 1599 And.
535 1549 586 1599 iix.
606 1549 678 1599 llsv.
697 1544 731 1602 A.
751 1542 831 1596 vindi
849 1550 882 1598 A.
898 1547 977 1600 Flod.
1013 1548 1056 1600 cl.
1077 1549 1139 1599 edo.
1156 1560 1196 1596 cr.

136 1625 173 1673 od
191 1623 224 1683 6,
240 1621 274 1669 29
292 1619 320 1680 s.
358 1651 365 1666 .

94 1732 97 1741 ·
174 1705 328 1769 legionibus
344 1703 462 1764 duobus]
479 1703 538 1769 lloc
554 1694 649 1752 ordine
668 1700 751 1749 Voss.
772 1702 805 1750 A.
824 1703 900 1763 usn.
918 1702 991 1754 Geli.
1011 1700 1094 1751 liebr.
1110 1701 1212 1762 song.-

139 1777 173 1825 s.
195 1777 236 1824 ιι.
260 1774 323 1823 rar.
348 1773 381 1820 n.
405 1773 479 1826 nav.
505 1774 539 1820 n.
564 1772 653 1821 neon.
676 1760 726 1818 br.
752 1767 806 1818 Ab.
831 1772 913 1822 veut.
939 1770 1017 1822 sec.
1043 1770 1121 1821 eoin.
1140 1771 1196 1819 nn.

140 1845 236 1894 Hamb.
254 1844 305 1892 Gn.
323 1841 406 1891 vind.
426 1843 483 1892 All.
499 1840 576 1890 Flori-
595 1841 636 1892 st.
654 1838 703 1888 Gr.
727 1839 750 1890 b.
775 1838 859 1889 Frell.
881 1843 910 1892 d.
927 1840 947 1892 i.
966 1843 1043 1891 Rom.
1070 1852 1097 1890 a.
1123 1840 1195 1891 bled.

141 1926 169 1964 e.
186 1914 259 1962 Ven.
277 1910 365 1960 bedel.
383 1911 446 1960 Ald.
465 1923 491 1961 s.
503 1910 551 1959 Gr.
572 1920 597 1958 e.
609 1908 640 1958 P.
660 1910 734 1959 Meu.
751 1908 830 1958 lurr.
847 1909 885 1958 ll.
899 1913 918 1959 l.
938 1911 998 1960 Ald.
1015 1910 1040 1958 b.
1051 1908 1125 1971 lips.
1137 1921 1197 1971 sqq.

140 1984 251 2033 tecente
269 1979 338 2029 oud.

179 2060 324 2183 ιῑὶιιιιιιιιιο]
341 2063 424 2128 Bous.
444 2065 478 2114 Α.
496 2064 575 2129 llgm·
592 2061 659 2112 oud.
677 2063 703 2111 2.
722 2070 776 2110 non
792 2058 930 2126 finitimis.
966 2060 1009 2118 ci.
1025 2063 1087 2113 edu.
1106 2075 1146 2114 er.
1164 2064 1200 2113 ed

141 2138 176 2201 d,
212 2134 278 2195 ds„
291 2135 315 2182 l.

182 2218 208 2280 s.
228 2222 246 2268 6
266 2215 471 2276 Ambiuaretos]
490 2215 576 2267 Voss.
593 2216 627 2266 A.
645 2215 722 2278 dign.
740 2215 815 2265 (ioli.
833 2214 919 2278 liebn
937 2216 1019 2278 lions.
1038 2217 1071 2267 Δ.
1088 2215 1132 2267 Pl.
1150 2214 1200 2265 Dr.

146 2289 202 2340 se.
221 2289 303 2338 Vrei.
320 2284 373 2337 bo,
392 2284 472 2334 Goib.
490 2283 520 2343 Β,
539 2279 618 2336 vind.
637 2278 765 2333 lucilli.
789 2284 856 2343 (Gn.
877 2284 958 2348 llong.
977 2286 1007 2337 (i.
1026 2284 1100 2343 Pel.)
1121 2284 1201 2336 Boin.

146 2371 174 2411 s.
191 2357 262 2409 eled.
282 2368 308 2406 e.
327 2354 400 2406 ven.
419 2354 508 2404 bedei.
526 2355 588 2404 lier.
607 2353 670 2405 did
686 2353 732 2403 eb.
748 2354 796 2402 (ir.
817 2354 860 2403 eb.
880 2354 910 2403 P.
933 2357 1005 2404 Men.
1029 2356 1109 2405 lucr.
1132 2353 1201 2404 Am-

149 2426 287 2477 biiaieios
314 2424 395 2473 vret.
420 2419 454 2472 A.
478 2422 680 2475 Ambidaredcs
703 2422 799 2472 llemb.
823 2423 1018 2475 Ambidraoioe
1041 2424 1098 2473 Pet.
1115 2422 1202 2475 conl.

141 2504 180 2546 et
197 2491 478 2548 enormitatibus
496 2492 664 2542 Petrercbee
682 2493 741 2543 cod.
760 2491 856 2541 llemb.
879 2491 930 2554 18,
949 2489 992 2543 54.
1010 2490 1203 2545 Amiiierieos

151 2565 273 2613 eiusdem
290 2564 333 2611 eil.
352 2574 394 2622 pr.
416 2552 635 2627 Ἀμβιβαρήτων
657 2562 722 2610 llel.
745 2559 946 2612 Ambiuaretos
969 2562 1055 2622 (lior.
1074 2563 1108 2613 l.
1127 2562 1203 2614 doit.

148 2635 220 2686 wir.
240 2633 343 2688 lleen.)
360 2631 400 2677 st.
421 2629 495 2689 bips.
513 2629 555 2678 lu.
570 2641 630 2691 sqq.
665 2630 697 2679 lu
714 2629 794 2679 lietb.
808 2630 840 2679 Δ.
857 2642 954 2682 nomen
971 2644 1025 2683 une
1042 2644 1105 2685 curu
1120 2640 1206 2695 pree·

150 2701 309 2753 cedentibus
325 2697 400 2748 tium
409 2695 554 2759 ltepioum
570 2696 602 2746 ire
619 2697 774 2762 abscisum,
791 2696 925 2751 inlir.li.-
935 2712 990 2752 une
1007 2713 1068 2752 cum
1087 2713 1205 2763 sequeu-

152 2771 227 2821 tibus
245 2780 329 2832 nsque
347 2766 382 2816 ed
400 2765 526 2816 liuietsis
546 2765 574 2814 in
590 2766 712 2829 margine
729 2777 748 2827 e
764 2780 800 2816 m.
817 2781 841 2820 s.
860 2768 990 2829 scriptum
1016 2776 1068 2823 est.
1109 2768 1206 2820 Ambi-

151 2841 280 2903 iareios,
298 2834 454 2897 qnodond.
471 2833 499 2884 in
518 2834 586 2884 Ver.
605 2835 682 2885 Leet.
700 2848 716 2883 e
734 2837 811 2886 diss.
831 2839 859 2886 ei
876 2835 1030 2888 lldd.Veti.
1045 2840 1073 2889 el
1087 2839 1206 2900 Nipperv

154 2911 234 2960 deins
251 2920 286 2957 ex
304 2906 369 2955 Per.
387 2902 422 2953 Α.
440 2903 587 2967 ulerunt,¹
605 2904 640 2951 sb
658 2904 726 2954 oud.
749 2904 822 2953 leisc
845 2907 960 2955 reletnnr
981 2916 1044 2955 esse
1068 2907 1152 2959 Febr.
1177 2913 1207 2957 et

154 2979 197 3029 Pl.
216 2979 244 3027 ei
261 2977 341 3038 ipsse
360 2973 421 3023 edd·
441 2979 511 3022 vett.
528 2976 676 3036 arguunt„
697 2972 823 3024 ceterum
849 2974 887 3024 ci.
912 2976 974 3027 adn.
1000 2986 1042 3027 er.
1068 2978 1106 3028 sd
1128 2986 1154 3031 ο.
1171 2975 1208 3027 ⁷5

155 3040 532 3119 §.minustissimorum
552 3040 631 3091 buius
648 3042 702 3093 luci
721 3042 853 3093 lncerlem
872 3056 935 3093 esse
958 3044 1037 3095 docui
1060 3056 1112 3112 ec,
1136 3046 1208 3109 quud

155 3118 269 3169 eundem
286 3113 414 3176 populun
431 3110 474 3161 lie
491 3118 572 3173 etque
590 3110 649 3160 illic
672 3110 827 3162 sceesere
851 3113 1015 3165 nominatum
1040 3126 1104 3165 esse
1130 3113 1207 3165 veri-

155 3186 245 3237 simile
263 3184 317 3247 sit,
335 3193 432 3233 nomeu
449 3179 536 3240 ipsum
553 3181 643 3230 suienr
661 3186 749 3230 uirum
767 3181 811 3231 iric
827 3193 862 3231 en
881 3182 939 3233 illic
955 3182 1209 3236 incudicibuscur-

155 3258 262 3316 rupium
280 3256 310 3303 el
328 3263 382 3316 quo
406 3252 485 3300 modo
508 3249 696 3312 corrigendum
715 3249 771 3313 sii,
794 3251 923 3302 consilini
950 3257 1075 3316 nequeat.
1114 3255 1210 3316 Neque

158 3325 229 3375 enim
243 3333 314 3371 novo
333 3321 437 3371 (leesor
456 3327 484 3368 et
502 3317 625 3369 inaudito
642 3318 764 3381 nomine,
781 3321 861 3382 onem
876 3321 1124 3375 Amiiisreicrum
1140 3326 1211 3389 erni,

159 3392 186 3445 si
207 3405 232 3444 c.
250 3390 286 3444 75
303 3389 496 3442 Ambiuareiis
514 3388 681 3451 scripserat,
705 3401 757 3451 qno
774 3391 874 3439 missus
893 3399 968 3441 esset
986 3386 1137 3460 Antistius,
1161 3392 1211 3443 do-

159 3474 225 3513 cere
242 3461 346 3523 potnit,
363 3460 413 3507 sed
431 3461 502 3508 bunc
518 3458 643 3519 populum
661 3467 692 3508 nt
709 3462 834 3523 ceteros,
852 3468 919 3524 quus
933 3460 978 3511 lrie
995 3461 1133 3525 nominet,
1156 3460 1211 3512 eli-

160 3539 294 3596 quetenus
312 3532 388 3579 certe
406 3536 496 3578 notum
514 3527 661 3579 lectoribus
679 3527 829 3589 sumpsisse
847 3532 892 3596 et,
911 3528 938 3580 sl
953 3542 1039 3589 cupre
1054 3533 1168 3582 eunden
1184 3530 1215 3581 in

159 3599 291 3652 clientela
315 3598 487 3649 Haeduorum
508 3594 596 3658 iisqne
619 3596 772 3649 edlunelnm
804 3609 868 3650 esse
897 3602 1071 3666 ostenderet,
1105 3612 1215 3651 sumere

160 3667 283 3733 petuisse
307 3668 432 3732 videtur,
456 3665 564 3715 etiamsi
591 3676 644 3728 que
668 3669 804 3728 experte
827 3667 958 3719 llnitimns
983 3668 1106 3721 usednis
1126 3677 1215 3735 esset,

160 3741 293 3789 incertum
311 3735 480 3799 reliquisset.
513 3735 555 3785 Ac
571 3747 603 3783 re
627 3746 696 3784 vere
720 3738 785 3800 los,
809 3735 838 3786 in
866 3749 934 3800 quos
952 3738 1088 3790 Antistius
1110 3739 1214 3791 missus

162 3815 224 3873 est,
248 3819 301 3858 uon
325 3807 407 3870 longe
432 3804 467 3854 eb
492 3803 612 3853 lleeduls
634 3814 753 3857 amotos
776 3806 864 3857 luisse
885 3820 919 3856 ex
943 3807 977 3871 8,
996 3808 1014 3858 2
1035 3806 1065 3869 s.
1082 3810 1099 3860 1
1119 3808 1215 3872 colligi

161 3879 260 3940 potest.
294 3876 449 3938 Numquae
472 3873 510 3923 ibi
532 3879 696 3925 memoretur
721 3873 792 3939 legio
814 3875 974 3944 undecimo,
999 3888 1070 3940 quse
1091 3879 1215 3945 proxime

161 3948 253 3997 luisse
270 3944 369 3995 dieitur
385 3943 507 3994 decimes
523 3942 621 3994 terlise
640 3944 669 3994 in
686 3944 852 4008 Biturigibus
876 3947 1042 4012 collocutae,
1066 3958 1127 3999 eene
1152 3958 1214 4010 non,

162 4019 193 4066 ui
211 4016 352 4065 Krenerus
370 4017 463 4077 putet,
487 4013 514 4062 in
531 4014 652 4063 Rutenos
669 4026 731 4064 cem
749 4013 860 4067 curinio
877 4016 1004 4083 missam,
1029 4018 1078 4068 sed
1096 4018 1214 4070 Antistio

161 4085 290 4136 traditum
308 4082 460 4146 significari
476 4095 536 4133 cum
553 4086 663 4144 propior
679 4083 845 4134 Remorum
869 4084 1015 4153 maiorem,
1040 4099 1121 4150 quem
1140 4088 1216 4139 llee-
1295 4079 1298 4085 ’

161 4154 274 4208 duorum
291 4166 310 4207 e
327 4151 493 4217 biturigibus
509 4151 666 4206 diomedem
683 4151 826 4216 probabile
842 4158 903 4224 esi,
927 4157 984 4209 inm
1000 4168 1036 4208 ex
1051 4156 1087 4221 8,
1104 4151 1140 4206 24
1154 4154 1215 4218 §.2
