2700 4726
385 295 491 391 tto.
512 295 596 370 vu.
638 295 760 370 car.
783 301 828 367 rr
1074 280 1142 374 sos

58 483 205 565 tionem,
232 503 331 570 pars,
353 480 431 548 dum
456 481 545 550 vires
568 491 804 570 suppeterent,
831 484 1039 576 eruptionem
1062 510 1140 557 cen·

58 571 176 652 sebai,
205 592 271 636 nou
292 568 535 657 praetereunda
559 573 668 636 oratio
690 569 883 656 Critognati
904 574 1040 643 videtur
1060 598 1140 664 pro·
1183 617 1187 629 ·

57 667 137 747 pter
165 659 239 723 eius
274 659 478 747 singularem
508 664 544 724 ot
574 657 734 724 nefariam
768 660 1016 731 crudelitatem.
1070 662 1182 734 ilict

58 768 190 812 summo
211 745 249 810 in¹
261 745 428 812 Arvernis
445 751 548 812 *ortus
570 746 645 812 loco
666 755 701 811 et
714 768 856 832 magnae
871 748 1006 817 habitus
1021 759 1139 819 aucto·

57 835 176 901 uitatis
199 832 317 912 Nihil,
339 832 466 920 iuquit,
490 831 668 898 decorum
691 837 857 901 sententia
879 835 1031 904 diuturne
1051 860 1139 922 snm,

57 922 117 1007 qui
152 921 383 1009 turpissimam
417 921 613 986 servitutem
648 920 829 989 deditionis
861 925 993 991 nominc
1021 928 1140 1012 appel-

56 1010 149 1076 lent:
172 1030 280 1095 neque
296 1009 358 1074 hos
374 1007 545 1074 habendos
558 1009 679 1076 civium
695 1011 770 1077 loco
783 1032 890 1098 neque
903 1011 947 1078 ad
963 1013 1141 1080 consilium
1157 1035 1164 1049 ·

93 1197 197 1248 tentiae
221 1210 273 1248 nou
298 1210 316 1248 o
336 1197 426 1249 deliis
449 1194 476 1249 in
496 1197 628 1265 concilio,
651 1201 701 1249 sed
717 1213 736 1251 c
751 1200 884 1262 scriptore
900 1199 929 1251 in
945 1199 1145 1256 commentario

93 1268 150 1317 sint
169 1267 274 1331 dictae,
294 1271 324 1316 ut
341 1271 443 1318 fuctum
460 1271 504 1318 est
522 1282 539 1319 c
555 1269 705 1320 Petrsrcbn
721 1269 770 1336 18,
787 1267 838 1320 it:
860 1268 1008 1322 Dicemus·
1023 1274 1144 1324 senten·

94 1337 154 1389 tice
171 1347 227 1398 pro
249 1336 410 1388 animorum
429 1338 575 1389 varietate
591 1337 759 1390 dissimiles:
779 1339 824 1389 bis
840 1339 966 1406 deditio,
985 1340 1030 1391 itis
1045 1341 1143 1405 piacet

94 1405 210 1469 eruptio
219 1419 231 1463 5
253 1405 298 1455 bis
315 1406 380 1458 cito
395 1405 533 1473 pacifico,
556 1406 600 1456 bis
616 1407 739 1459 bonosio
755 1420 843 1458 mors.
879 1409 958 1460 Erat
975 1409 1055 1461 inter
1072 1423 1143 1463 eon-

92 1474 221 1525 siiicrios
240 1476 289 1524 cir
307 1489 398 1541 onos,
424 1489 544 1542 mcpnoe
561 1477 640 1527 inter
658 1489 727 1527 suos
747 1476 904 1541 opinionis:
928 1478 1010 1544 oripo
1028 1479 1074 1529 itti
1090 1479 1144 1530 At-

92 1557 203 1609 cernn,
227 1547 341 1594 ciorum
364 1557 472 1609 penos,
499 1546 591 1596 dorus
615 1545 745 1612 animus,
772 1545 926 1611 inflectitis
946 1548 1146 1614 propositiones

93 1626 197 1663 nomen
215 1614 282 1663 viro
299 1614 500 1679 Tritopnctos.
542 1615 645 1674 Quibus
665 1614 713 1664 iiie
737 1615 898 1678 praemissis
915 1623 990 1665 recte
1006 1617 1145 1676 subiicere

91 1682 180 1744 potuit
203 1684 287 1732 hoec:
309 1683 438 1744 Propter
460 1696 534 1746 qnae
558 1696 616 1733 noo
641 1683 675 1733 ab
694 1695 730 1734 re
749 1677 882 1747 fortasse
898 1684 1011 1750 inerit,
1033 1685 1145 1738 cuditis

92 1751 218 1802 aliorum
233 1752 399 1812 sententiis,
419 1751 558 1814 quidiste
576 1752 720 1812 suaserit,
738 1754 851 1804 andire.
885 1755 926 1803 Ac
941 1760 1045 1807 remoto
1061 1754 1145 1808 etism

94 1824 123 1870 et
146 1828 283 1882 utcunque
305 1821 440 1881 explicato
464 1821 644 1882 nossentne,
674 1822 744 1882 qnod
772 1834 860 1884 neque
884 1823 919 1871 ob
946 1824 1145 1887 antiquioribus

94 1889 199 1939 criticis
218 1897 245 1937 et
262 1889 453 1951 interpretibus
473 1899 562 1949 neque
585 1889 619 1937 ob
637 1887 706 1944 0od.
725 1901 810 1950 neque
828 1903 846 1940 s
865 1889 945 1951 Nipp.
962 1900 990 1941 et
1006 1893 1145 1943 recentis-

91 1958 169 2008 simis
193 1956 358 2019 editoribus,
384 1955 429 2018 qni
453 1967 489 2006 cc
513 1960 693 2017 revocarunt,
718 1956 938 2009 animadversum
962 1972 1026 2010 esse
1048 1961 1142 2029 miror,

91 2037 184 2077 temen
200 2026 363 2077 inconcinne
381 2029 471 2075 menet
488 2027 605 2086 portium
622 2026 754 2074 orationis
771 2027 913 2077 iunctura:
931 2030 1144 2097 consultabant,

90 2110 126 2148 oc
143 2096 235 2147 coriis
259 2096 347 2146 dictis
368 2094 522 2146 sententiis
548 2107 606 2144 non
628 2096 847 2158 praetereunda
864 2096 959 2147 oratio
979 2095 1145 2164 Critepnati

91 2166 222 2218 videtur.

125 2248 268 2308 censebat]
289 2247 392 2312 „bisti
410 2243 482 2296 w
501 2247 585 2295 Voss.
596 2246 628 2300 A.
644 2245 720 2308 iign-
737 2245 811 2296 Gctt.
824 2247 896 2299 Lov.
911 2240 996 2298 Conti.
1010 2249 1094 2314 iicng.
1106 2252 1143 2302 A.

89 2319 155 2370 Per.
165 2319 199 2366 A.
218 2318 289 2367 iiov.
298 2319 331 2366 A.
353 2316 399 2368 Dr.
410 2315 444 2366 A.
464 2310 627 2365 VranABc.
646 2313 1145 2370 naun.do.Viud.scu1.mc.sec.

90 2388 151 2438 idib.
173 2388 241 2438 ven.
254 2386 274 2434 f.
295 2387 379 2436 Vnsc.
399 2397 456 2435 sec.
476 2385 544 2434 (iud.
562 2385 602 2432 St.
626 2384 777 2435 censebant
796 2387 882 2435 Hecu.
903 2387 952 2435 Dr.
965 2386 995 2437 Β.
1015 2387 1093 2439 Gotb.
1112 2390 1144 2440 Β.

91 2458 169 2507 Rom.
187 2467 212 2505 a.
235 2454 306 2507 bird.
323 2467 349 2504 s.
367 2454 439 2503 ven.
456 2453 532 2502 bede.
551 2453 613 2501 lier.
639 2452 701 2501 Aid.
720 2454 763 2502 ab.
782 2454 829 2504 tir.
849 2455 892 2505 ab.
916 2454 948 2504 P.
964 2456 1039 2507 Man.
1057 2455 1144 2508 iireli.

92 2527 170 2575 Ture.
188 2524 285 2586 (beec‘,
304 2526 335 2573 nt
352 2524 453 2586 licen,
472 2523 579 2573 adiecto
596 2523 710 2584 poncio)
728 2521 807 2586 Lips.
825 2535 884 2587 sqq.
908 2521 951 2574 Cf.
969 2525 1031 2576 ndu.
1050 2538 1091 2577 cr.
1108 2527 1145 2577 ad

92 2595 126 2658 5,
143 2591 178 2644 45
197 2591 223 2652 S.
242 2595 266 2642 i.
610 2601 613 2606 ’
1006 2633 1008 2636 ,

127 2678 213 2727 oratio
233 2671 387 2735 Critognati
404 2673 526 2740 videtur]
555 2674 666 2739 „iidem
685 2667 787 2723 ΜΕΒ.α
810 2675 897 2724 Voss.
916 2677 949 2724 A.
973 2677 1049 2740 ligor.
1068 2677 1143 2730 iiott.

92 2747 181 2796 liaeo.
203 2745 262 2803 (bic
282 2743 443 2806 Titopnaiii
469 2745 551 2805 Boog.
571 2746 604 2795 A·
624 2744 687 2793 Per.
707 2746 740 2791 A.
761 2741 834 2790 flev-
852 2744 886 2792 A.
910 2743 968 2803 (bic
986 2745 1144 2812 ecritopn.)

90 2817 139 2866 Dr.
158 2816 213 2864 Aii.
231 2808 309 2865 Vnst.
325 2812 403 2862 Aiic.
423 2813 500 2861 doto.
520 2813 549 2861 Β.
569 2812 664 2862 liamb.
682 2809 739 2870 (hic
756 2810 904 2877 Oritcpn.)
922 2812 1143 2869 daviticus.

91 2886 152 2934 edd.
172 2886 235 2932 note
250 2884 312 2930 Aid.
332 2883 371 2930 St.
393 2880 439 2930 tir.
460 2882 483 2929 b.
502 2880 587 2930 Freii.
610 2895 639 2931 o.
657 2894 683 2929 o.
702 2880 731 2929 O.
750 2879 832 2932 vind.
854 2883 887 2931 A.
911 2882 972 2931 Aid.
991 2895 1049 2947 sqq.
1068 2883 1145 2942 (tir-

92 2952 207 3019 topncti
222 2952 304 3000 Vind.
323 2947 369 3012 it.)

126 3018 165 3086 et]
190 3015 301 3086 „iidem
318 3013 423 3068 Mss.“
444 3015 528 3065 voss.
546 3017 578 3067 A.
596 3015 655 3066 Pet.
675 3017 752 3079 ligur.
770 3014 844 3065 (icit.
864 3015 948 3078 Boug.
967 3018 1001 3067 A.
1020 3017 1069 3070 Dr.
1086 3020 1143 3069 AB.

92 3091 173 3141 Vrst.
186 3089 265 3139 ABG.
284 3087 381 3139 tiano.
394 3086 447 3138 tiu.
467 3087 527 3137 edd.
545 3094 608 3136 onte
625 3087 688 3138 Ald.
711 3095 746 3135 nc
763 3084 841 3143 (Por.
855 3087 903 3144 A.)
919 3086 999 3136 (iotis.
1013 3081 1144 3143 mind.

91 3163 125 3212 A.
144 3160 208 3212 Ald.
227 3170 297 3221 sqq.·

127 3245 153 3306 s.
174 3248 191 3294 3
211 3241 366 3302 consilium]
391 3242 494 3305 „tiss
514 3238 531 3289 5
549 3239 577 3287 et
601 3237 665 3286 iidd.
683 3236 828 3299 pleraeque
846 3236 952 3291 male.“
975 3240 1049 3292 doti.
1069 3242 1143 3295 iias.

91 3316 126 3363 A.
153 3315 199 3364 Dr.
221 3314 251 3363 B.
279 3313 357 3364 Vrnt.
380 3309 458 3361 ABG.
483 3307 562 3359 doto.
582 3307 612 3357 Β.
635 3300 730 3354 lismb.
754 3306 837 3366 (Gn.)
862 3308 922 3357 edd.
942 3318 1006 3359 note
1025 3308 1086 3361 Ald.
1109 3313 1143 3363 P.

92 3385 171 3432 nisu.
191 3383 253 3432 Aid.
270 3382 297 3430 b.
320 3382 396 3444 Lips.
417 3380 461 3430 iu.
482 3380 530 3432 Gr.
549 3374 590 3428 ci.
615 3373 767 3425 connitum
793 3376 892 3441 (Boug.
910 3374 942 3428 A.
963 3379 1003 3430 Pi.
1023 3380 1088 3431 Par.
1106 3383 1140 3432 A.

57 3556 171 3611 tosoato
198 3550 346 3609 oratione,
373 3560 452 3610 quom
472 3548 582 3609 propter
624 3546 760 3608 struatur,
784 3544 881 3607 partim
899 3545 1026 3596 omissum
1044 3547 1141 3602 bobia
1220 3543 1223 3550 ’

57 3611 227 3681 singularem
251 3620 309 3668 eius
327 3617 512 3668 crudelitatem
536 3616 581 3665 iu·
624 3613 810 3677 perticipium,
841 3616 936 3676 portior
959 3617 1150 3677 praepositum·
1231 3627 1234 3636 ·

58 3680 164 3749 tesiam
214 3688 413 3752 proponendam
457 3685 579 3748 putabet.
623 3696 681 3733 non
694 3683 912 3748 praetereundo
929 3685 1046 3746 impedit.
1074 3689 1142 3747 Qni-

58 3748 165 3809 Deiude
183 3769 251 3807 vero
272 3755 414 3805 sententiis
431 3754 488 3803 iliis
506 3767 582 3803 sum·
623 3753 675 3801 bris
698 3754 780 3803 rebus
813 3755 993 3803 suaooiuthun
1016 3755 1141 3808 effectum

59 3828 153 3879 metim
169 3826 267 3878 relatis
285 3827 323 3876 ito
341 3825 409 3874 facit
430 3825 530 3886 verbs,
551 3828 582 3871 ut
624 3823 684 3885 est,
701 3822 749 3870 sed
767 3822 941 3872 uectatione
959 3834 1057 3873 carens
1073 3825 1141 3876 iilud

59 3909 109 3946 ees
132 3908 186 3947 uon
205 3897 294 3946 dictos
318 3897 423 3945 tantum
447 3889 580 3955 niisilis,
623 3903 674 3940 nec
681 3889 868 3952 perspicuitati
877 3890 1001 3942 officiens
1009 3906 1059 3943 nec
1068 3893 1141 3944 sicut

59 3967 109 4015 sed
132 3967 214 4017 etism
238 3966 344 4015 relatas
369 3975 387 4012 a
410 3974 442 4010 sc
466 3961 579 4024 dixisse,
622 3958 666 4024 id,
690 3961 723 4008 de
747 3971 799 4023 qno
823 3962 851 4009 in
872 3962 932 4010 adn.
958 3974 996 4010 cr.
1013 3962 1140 4028 diximus,

58 4035 137 4097 opud
155 4048 226 4100 pnos
243 4041 333 4086 autem
352 4029 407 4081 uisi
421 4043 481 4081 cum
494 4029 594 4082 dietis.
623 4028 738 4092 partium
758 4031 883 4080 iunctura
902 4030 1038 4081 laborans.

58 4105 181 4155 construi
205 4103 327 4154 uoluisse
352 4100 485 4152 videntur.
520 4101 580 4161 Quo
678 4096 704 4156 S.
724 4102 741 4148 3
764 4099 883 4162 babitus]
907 4098 949 4149 ci.
966 4101 1028 4152 edu.
1048 4113 1088 4152 cr.
1106 4100 1142 4150 cd

56 4173 148 4226 minus
166 4173 238 4226 eninr
255 4171 353 4227 oratio
369 4182 431 4223 cum
445 4169 495 4223 iiio
513 4181 580 4221 con·
622 4163 655 4234 i,
675 4168 708 4216 21
728 4167 756 4231 s.
773 4169 801 4218 6.

128 4257 168 4310 u.
895 4234 939 4303 38
