2700 4726
153 282 222 349 642
431 280 503 349 DE
531 280 712 349 dunno
741 278 993 350 Gannico

154 478 224 535 tum
249 466 409 537 Sextium·
434 473 468 537 iu
498 471 692 555 Bituriges,
722 471 842 539 Gaium
874 471 1050 540 Caninium
1079 467 1239 536 Rebilum

108 557 186 622 rin
215 556 367 625 Rutenos
399 582 474 625 oum
503 562 645 645 singulis
674 561 864 646 legionibus
891 560 1010 626 mittit.
1070 556 1238 643 Quintum

151 642 306 709 Tullium
328 646 522 715 Ciceronem
552 657 587 713 et
607 644 767 714 Publium
797 647 986 733 Sulpicium
1011 643 1185 713 cavilloni
1206 653 1240 713 et

152 730 339 800 Matiscone
362 735 396 800 in
410 733 561 800 Haeduis
582 733 625 801 ad
640 735 781 801 Ararim
804 736 854 800 rei
875 734 1117 799 frumentariae
1134 756 1238 799 eausa

107 820 315 891 floonlooat.
359 822 438 910 lpse
459 822 620 889 Bibracte
642 823 791 889 hiemare
812 822 1002 891 coustituit.
1043 819 1111 887 His
1134 822 1237 889 mous

184 1011 399 1078 verisimilem,
422 1026 475 1077 quo
492 1015 553 1066 loeo
568 1013 673 1066 Hirtius
693 1008 835 1065 Caninium
855 1023 910 1063 non
927 1024 987 1063 oum
1012 1023 1085 1078 uno,
1108 1013 1160 1063 sed
1178 1023 1237 1065 eun

183 1085 290 1133 duabus
308 1082 460 1146 legionibus
477 1083 507 1135 in
525 1085 637 1135 hiberna
654 1085 766 1134 missurn
785 1082 917 1135 statuisse
933 1080 1053 1133 videtur.

135 1182 138 1187 ·
218 1166 245 1229 S.
263 1171 281 1220 7
301 1167 449 1230 cavilloni]
474 1169 599 1221 ueras.
617 1171 688 1220 llav.
708 1171 741 1220 A.
766 1166 1074 1220 annumeravimus.
1098 1163 1238 1216 Cabilloni

182 1238 287 1301 „Mssa
306 1237 427 1301 plerique
436 1238 455 1268 ‘⁶
479 1242 554 1303 ligur.
576 1240 659 1292 Febr.
676 1239 735 1290 Pal.
755 1238 841 1289 llaen.
865 1239 913 1288 Dr.
930 1237 960 1285 Β.
981 1236 1060 1288 Vrat.
1081 1235 1139 1286 ΑΒ.
1157 1236 1235 1286 Goth.

182 1308 213 1356 Β.
231 1307 313 1357 Vinii.
327 1307 382 1356 mo,
401 1309 477 1362 Rom.
498 1321 523 1359 a.
540 1310 610 1358 Med.
629 1320 654 1358 a.
674 1312 714 1358 st.
735 1309 821 1359 lircil.
843 1308 909 1358 Ouo.
928 1304 1077 1357 calluerit
1102 1306 1166 1355 Ber.
1182 1304 1236 1357 Od-

183 1375 301 1427 irillonm'
319 1377 400 1427 Voss.
420 1376 453 1426 A.
474 1378 546 1428 Gott.
571 1379 653 1428 Febr.
672 1380 754 1433 Bona.
777 1382 810 1426 A.
836 1378 877 1429 Pl.
897 1374 960 1430 Per.
978 1380 1013 1425 A.
1036 1375 1089 1424 ilu.
1114 1376 1144 1423 et
1162 1375 1237 1424 'eoru

181 1446 211 1495 iu
226 1445 336 1494 -onni
352 1446 400 1495 Dr.
417 1451 450 1497 A.
468 1447 594 1498 Caldone·
612 1446 697 1511 ‚,ei.“
718 1448 775 1496 Pet.
792 1447 874 1496 Febr.
893 1453 921 1495 et
938 1445 1023 1496 Gonil.
1036 1443 1136 1495 llemir.
1157 1442 1236 1494 viad.

181 1515 216 1566 1).
236 1508 304 1563 Ven.
317 1515 409 1566 -bcdeil
427 1516 458 1565 P.
478 1519 551 1565 Man.
570 1516 633 1568 Aid.
652 1516 679 1565 b.
699 1515 774 1577 nipe.
795 1516 835 1564 ln.
858 1514 907 1565 Gr.
930 1514 1001 1563 Dav.
1021 1513 1063 1565 Gi.
1088 1510 1236 1563 Caemani

182 1584 246 1633 Ald.
269 1594 295 1634 a·
319 1583 368 1633 or.
397 1597 422 1638 e.
448 1587 525 1636 Turr.
550 1584 722 1636 vodillonem
745 1586 827 1648 llong.
854 1584 885 1633 c.
908 1581 991 1636 Viud.
1016 1582 1046 1630 Β.
1072 1581 1235 1632 Caluam

181 1652 263 1703 Vind.
282 1652 305 1702 l.
323 1652 464 1704 Gallione
484 1650 562 1706 Vind.
580 1653 610 1706 G.
634 1658 663 1704 et
681 1667 699 1704 a
715 1666 751 1704 m.
770 1667 811 1714 nr.
831 1654 908 1703 Vrat.
930 1653 960 1701 Β.
986 1651 1058 1704 Petr.
1078 1652 1130 1718 18,
1147 1648 1184 1702 54
1203 1651 1235 1708 ia

182 1717 324 1771 Calamona
340 1722 419 1774 Vrat.
439 1724 469 1772 Β.
485 1735 504 1773 a
520 1739 555 1774 m·
573 1736 595 1771 s.
613 1717 644 1773 ἐν
661 1718 806 1773 Καπιλῶνι
821 1724 885 1771 Met.
921 1721 954 1770 ln
968 1720 1048 1773 Gotlr.
1066 1719 1100 1772 A.
1115 1719 1235 1773 aeno·
1254 1734 1259 1747 ·

180 1802 246 1842 reem
263 1814 298 1829 -
315 1790 367 1841 Ma
383 1791 493 1841 abscisa
511 1795 582 1843 snut.
616 1791 661 1843 ci.
678 1795 739 1842 adn.
760 1803 800 1842 or.
815 1792 851 1842 ed
868 1803 893 1840 o.
911 1789 947 1841 42
964 1790 990 1850 s.
1009 1790 1036 1841 ⁵.

213 1875 352 1936 conlocat]
370 1877 431 1926 Per.
445 1880 479 1926 A.
497 1878 598 1942 (long.
619 1881 669 1938 A.)
685 1888 739 1927 non
756 1877 821 1926 coit.
839 1875 951 1925 colorat
969 1874 1064 1925 lieno.
1121 1858 1130 1871 ‘

212 1958 238 2021 S.
257 1961 276 2011 8
293 1960 344 2010 llis
364 1961 446 2011 rebus
469 1960 568 2012 litteris
586 1961 716 2013 caesaris
741 1957 870 2025 cognitis]
892 1957 960 2024 „ita
982 1971 1013 2007 se
1038 1954 1182 2020 reperisse
1205 1955 1234 2009 iu

177 2030 290 2092 antiquo
315 2030 384 2080 libro
408 2031 512 2081 notavit
537 2028 692 2082 Faernus.“
732 2030 799 2083 Vre.
824 2028 934 2079 Emend.
964 2030 1124 2093 „Extrema
1147 2026 1233 2077 verbo

177 2100 259 2150 huius
276 2099 339 2149 iibri
354 2100 481 2152 liaernus
499 2113 534 2150 ex
550 2098 586 2152 V.
606 2101 637 2150 c.
653 2101 692 2150 ita
708 2101 832 2163 legerat:
851 2097 903 2149 llis
920 2094 1005 2149 relus
1025 2094 1141 2147 litteris
1160 2095 1231 2148 an-

174 2167 255 2220 earts
270 2168 409 2235 counitio,
428 2171 538 2221 Romae
555 2170 670 2221 dieram
688 2169 755 2219 XX
770 2167 941 2232 supplicatio
957 2162 1130 2217 saunitarf‘
1165 2166 1232 2219 vra

176 2238 238 2289 lior.
257 2236 382 2304 „l’lmet
398 2239 498 2289 raerns
516 2239 601 2291 liber:
625 2241 677 2307 llio
694 2239 780 2291 redas
796 2235 928 2288 Caesaris
951 2235 1049 2287 literis
1072 2232 1232 2301 coranos

175 2308 282 2358 llotom.
311 2308 347 2357 ot
366 2308 466 2358 Faerni
485 2308 555 2360 iiber
572 2310 699 2372 antiquus
715 2309 787 2369 apud
807 2305 954 2371 Vrsinum,
978 2304 1018 2355 ita
1036 2303 1106 2354 Aldo
1131 2309 1230 2369 nepote

175 2380 247 2427 teste
265 2377 380 2439 drypnu
397 2377 466 2427 liner
484 2378 519 2427 ed
536 2390 611 2435 oram
634 2382 663 2429 et
678 2375 775 2437 (Vind.
794 2376 844 2433 Β.)
869 2386 886 2425 a
904 2387 937 2424 m.
956 2387 980 2425 e.
996 2374 1077 2426 Vrat.
1095 2374 1126 2425 B.
1149 2375 1230 2428 Rom.

174 2459 202 2497 a.
219 2447 290 2495 Mad.
309 2458 334 2495 a.
351 2447 421 2495 ven.
440 2447 528 2496 naues.
548 2448 608 2497 Ber.
627 2446 695 2498 oud.
715 2447 752 2497 Η.
769 2456 796 2499 r.
817 2442 846 2493 0.
865 2444 884 2493 l.
900 2455 942 2508 a,
961 2440 1230 2506 aremarensem

174 2515 319 2565 lectionem
337 2526 399 2562 esse
417 2515 541 2578 dixerat,
565 2515 641 2575 urps.
661 2514 702 2567 iu.
722 2513 772 2563 Gr.
790 2513 860 2562 Dav.
879 2511 919 2562 Gi·
939 2513 974 2563 H.
989 2522 1016 2562 r.
1029 2514 1049 2563 i.
1062 2510 1091 2565 0.
1107 2512 1230 2579 multas·

173 2584 234 2632 eod.
253 2582 331 2632 'l'urn
351 2581 386 2631 Η.
406 2594 433 2633 r.
451 2595 476 2632 c.
494 2583 577 2632 voss.
598 2584 627 2633 Β.
647 2582 682 2632 Η.
699 2582 728 2633 ο.
746 2582 768 2631 1.
785 2592 809 2631 e.
828 2580 899 2630 Dok.
917 2582 1030 2632 Harum
1045 2592 1150 2633 reram
1167 2584 1186 2635 l.
1202 2594 1228 2634 e.

172 2652 221 2703 Dr.
239 2652 270 2699 Β.
286 2649 372 2698 Vase-
391 2651 439 2701 Βι.
458 2651 482 2698 is.
501 2651 616 2709 (Frell.)
635 2650 687 2700 llis
706 2653 726 2701 ι.
746 2662 771 2699 e.
795 2650 907 2715 „Bong.
927 2664 965 2710 nr.
984 2663 1039 2700 see.
1065 2652 1159 2709 (ouius
1176 2664 1227 2702 ex-

171 2722 268 2781 oerote
284 2718 327 2768 nlo
345 2731 442 2769 rursus
459 2719 604 2781 incipiunt)
629 2720 725 2770 Petav-
742 2720 826 2768 Voss.
843 2731 884 2780 pr.
903 2720 979 2782 Egm.
998 2720 1103 2772 Lovan.
1120 2721 1226 2786 Soeiig.

172 2788 360 2851 etdali13ut
378 2796 406 2838 et
426 2790 514 2839 lirant.
532 2800 566 2839 ao
581 2788 672 2839 Samo.
689 2791 717 2838 et
734 2785 862 2841 liotom.“
888 2789 970 2850 llong.
988 2786 1043 2839 ΑΒ.
1062 2790 1122 2840 l’et.
1140 2791 1225 2842 voss.

172 2861 208 2908 A.
225 2859 301 2922 ilgm.
319 2858 393 2908 Gott.
411 2859 478 2909 [ιΙιΙι.
494 2858 575 2908 Febr.
594 2857 679 2910 Conll.
700 2859 782 2920 Boug.
803 2857 836 2906 A.
853 2858 893 2907 Pl.
906 2856 969 2910 Par.
981 2858 1015 2905 A·
1032 2858 1118 2908 lieen.
1132 2858 1225 2919 steen

172 2940 229 2977 eso.
254 2929 315 2977 lios.
342 2929 388 2977 Dr.
408 2933 441 2977 A.
463 2928 543 2979 Vrat.
561 2923 616 2980 ΑΒ.
642 2930 670 2976 et
691 2940 710 2978 a
731 2941 767 2977 nr.
788 2939 828 2988 pr.
848 2926 879 2976 Β.
901 2925 981 2976 Goto-
1001 2926 1030 2978 Β.
1054 2927 1153 2979 liemo-
1170 2928 1224 2979 Ge.

170 2996 254 3049 vind.
271 2996 384 3048 llclllll.
409 2997 463 3049 ino.
481 2998 519 3050 st.
544 2996 613 3056 (lile
628 2997 710 3049 Vrat.
729 2994 780 3047 so.
801 2995 947 3047 lisuniis
965 2996 1042 3046 Goth.
1061 2998 1107 3054 Β.)
1129 2997 1225 3051 Huius

170 3064 241 3119 unni
257 3077 285 3117 ι’.
302 3079 327 3117 e.
351 3069 422 3116 And.
447 3066 496 3116 01.
521 3067 598 3120 held.
619 3071 652 3117 A.
674 3066 738 3118 Par.
758 3067 788 3117 Β.
809 3066 880 3115 llev.
905 3067 939 3113 A.
963 3066 1045 3116 vind.
1067 3063 1101 3115 A.
1128 3078 1226 3132 merge

170 3135 252 3186 Golia.
270 3135 299 3183 Β.
323 3131 385 3185 Ald.
404 3136 447 3184 air.
466 3135 514 3185 Gr.
534 3147 560 3184 a.
583 3136 613 3187 P.
632 3139 704 3186 Man.
724 3137 802 3186 Tarr.
845 3135 877 3184 ln
904 3133 983 3184 soto.
1007 3135 1041 3187 A.
1068 3137 1226 3191 constituit

169 3230 205 3241 -
224 3204 333 3255 Romae
350 3205 380 3255 ds
398 3205 507 3254 abscisa
524 3209 596 3255 sunt.
630 3205 716 3256 Hisce
735 3205 923 3269 persisteres
942 3203 1057 3254 senatui
1074 3205 1226 3258 nunciatis

169 3273 284 3357 dierum
302 3273 408 3355 violati
424 3275 722 3359 auriplieota'oullomae
745 3273 814 3340 fait.
845 3274 919 3355 fetr-
936 3270 986 3354 19,
1004 3269 1047 3324 5⁴.
1066 3270 1102 3358 ’ξι
1120 3290 1151 3325 τε
1168 3271 1226 3355 erig

167 3336 1223 3477 titillari.rtr.itl5.tii”,..it:?‘l.i“a,tristitias

166 3485 274 3542 uturum
292 3481 343 3530 llis
360 3480 470 3530 litteris
488 3481 611 3547 cognitis
628 3487 786 3544 corruptam
801 3491 865 3531 esse
875 3477 1031 3543 intelligens
1040 3479 1223 3542 Nipperdeius

168 3562 251 3599 crure
269 3550 390 3611 praelixa
407 3549 532 3614 notarit,
553 3553 746 3600 emendandam
763 3549 826 3601 aliie
850 3549 968 3612 reliquit.
1004 3547 1091 3612 Atque
1109 3551 1222 3602 Krane-

168 3631 217 3669 rus
235 3618 263 3669 lu
278 3618 324 3668 lais
344 3619 470 3683 litteris,
495 3632 563 3680 qnae
580 3623 667 3670 verba
684 3621 810 3670 Dubnero
828 3617 914 3684 idem,
939 3620 1008 3680 quod
1034 3617 1075 3668 irie
1094 3631 1150 3681 per
1166 3620 1221 3671 lll-

167 3689 267 3754 irrm,
283 3688 421 3751 Seyfferto
437 3696 465 3737 et
481 3689 654 3739 Doberenzio
671 3691 740 3753 quod
757 3689 863 3739 laram
880 3696 982 3739 rerem
999 3687 1111 3740 litteris
1129 3688 1220 3753 signi·

168 3755 253 3806 linare
269 3769 350 3819 posse
370 3758 547 3823 videbantur,
566 3757 678 3810 litteris
695 3761 832 3810 abundare
848 3762 946 3820 putans
965 3761 993 3808 et
1008 3770 1043 3807 ex
1057 3756 1151 3809 libri2
1169 3772 1221 3809 ex-

167 3825 263 3874 tremis
286 3826 393 3877 iliatum
424 3829 569 3889 suspicans
597 3824 702 3878 uncinis
732 3827 961 3890 circumscripsit3
990 3825 1034 3877 oui
1065 3827 1220 3889 suspicioni

167 3891 260 3955 optimi
276 3895 379 3946 codicis
399 3895 501 3947 indoles
519 3908 572 3947 non
588 3897 692 3963 minus,
712 3911 792 3962 qnam
805 3898 922 3946 Ddbnerl
937 3901 965 3946 et
977 3895 1110 3957 seyfferti
1131 3895 1222 3948 inter-

164 3962 363 4027 pretationibus
380 3966 486 4017 dicendi
502 3980 588 4030 genus
608 3968 779 4019 adversetur.
813 3965 927 4029 Propius
943 3966 979 4015 ed
997 3976 1092 4016 verum
1109 3966 1221 4017 aceedit

165 4033 236 4095 qnod
255 4033 337 4083 Voss.
354 4034 384 4082 Β.
402 4037 527 4103 exhibet,
546 4036 599 4087 llio
614 4034 701 4088 relate
719 4034 856 4103 nequitis,
873 4037 939 4098 quod
957 4036 1084 4097 placebat
1094 4033 1220 4102 Apirzro,

164 4098 210 4163 qni
233 4104 324 4153 tamen
350 4104 462 4157 litteris
483 4111 512 4157 et
538 4102 672 4157 Caesarie
696 4118 750 4157 non
773 4104 862 4168 magis
887 4104 1037 4168 probabili,
1063 4115 1146 4168 quam
1172 4105 1219 4157 eui

164 4170 305 4229 umnerus
326 4170 455 4239 indulsit,
479 4174 637 4229 coniectura
660 4187 696 4225 ex
717 4174 796 4229 initio
818 4173 879 4227 (tir.
898 4177 913 4225 1
938 4175 1019 4227 dueta
1040 4172 1220 4239 comedetur.
