2700 4726
203 272 271 343 tre
481 267 554 337 uu
580 266 763 365 annno
793 268 1043 338 cantico
1113 256 1118 266 ·

207 461 318 542 deles,
354 481 472 526 manus
506 481 626 543 cogere
655 465 755 544 atque
784 466 901 546 aperte
921 459 1047 525 bellom
1072 479 1193 546 parare
1214 479 1293 525 eoe-

164 562 184 623 8
206 554 346 638 perunt‘
383 547 472 614 Tum
487 547 658 617 Labienus
672 555 767 617 tanta
784 568 894 613 rorum
912 547 1173 614 commutatione
1190 547 1291 631 longe

207 638 299 704 aliud
332 636 401 701 sibi
430 635 627 724 capiendum
656 634 832 702 consilium
866 645 966 720 atque
998 643 1097 701 antea
1123 644 1293 714 senserat,

164 735 184 796 4
205 723 425 808 intellegebat
445 745 552 811 neque
573 724 638 789 iam
662 731 701 787 ut
724 723 854 808 aliquid
880 723 1074 809 adquireret
1093 724 1293 811 proelioque

207 815 323 878 hostes
344 814 551 891 lacesseret‚'
569 809 629 875 sed
652 819 691 875 ut
710 811 909 876 incolumem
932 813 1114 876 exercitum
1136 811 1293 897 Agedin-

93 956 95 959 .
165 910 185 973 5
207 922 282 965 curn
301 899 489 980 reduceret,
509 897 690 984 rogitabat.
735 897 891 986 Namque
914 900 1022 964 altera
1044 920 1083 964 ex
1099 906 1197 988 parte
1211 897 1294 964 Bel-

237 1093 295 1141 c'am
314 1085 365 1137 ll“
391 1089 474 1138 Febr.
501 1090 597 1151 „unde
616 1096 691 1138 recte
711 1090 755 1139 lll.
775 1087 906 1140 Heinsius
931 1087 1049 1140 coniecit
1066 1088 1116 1152 nat
1134 1089 1193 1140 iam
1210 1089 1293 1154 onte,

236 1161 366 1223 quomodo
384 1169 469 1220 saepe
486 1158 553 1207 alibi
573 1156 677 1208 Caesar
697 1159 795 1207 scribit
811 1171 871 1208 curn
890 1159 991 1210 ceteris
1010 1156 1198 1209 auctoribus“.
1222 1159 1293 1208 0ud.

237 1231 297 1280 lloc
313 1234 402 1279 tamen
420 1229 482 1277 loco
499 1228 578 1290 qaia,
598 1227 622 1278 sl
640 1239 734 1279 errore
751 1230 854 1280 tectam
871 1237 931 1293 est,
951 1241 986 1278 ex
1003 1228 1128 1292 sequenti
1145 1231 1224 1291 onte,
1244 1236 1294 1277 ant

236 1314 255 1350 a
273 1297 369 1350 critico
387 1309 533 1358 pronomen
550 1299 666 1348 moleste
684 1297 799 1362 terente,
818 1300 888 1360 qnod
905 1297 986 1348 simili
999 1300 1038 1347 de
1050 1309 1136 1347 cansa
1154 1299 1181 1360 8,
1199 1295 1216 1347 4
1235 1299 1262 1359 s.
1277 1296 1291 1343 1

235 1370 265 1420 in
291 1368 360 1433 noia
381 1370 512 1416 mntetnm
536 1375 597 1430 est,
629 1367 761 1429 originem
787 1369 887 1417 docere
911 1367 1091 1418 verisimilius
1108 1367 1233 1428 videtum
1264 1368 1293 1414 et
1334 1390 1337 1394 ›

236 1441 313 1489 recte
332 1437 400 1490 ond.
421 1436 526 1486 lleinsil
543 1436 728 1487 coniectorem
746 1436 872 1501 quanvis
889 1437 1005 1488 hominis
1023 1447 1118 1502 causa,
1136 1439 1167 1486 nt
1185 1436 1294 1498 opinor,

126 1533 130 1536 ·
236 1509 374 1559 laudatam
394 1513 504 1554 secutus
523 1516 575 1554 non
594 1508 646 1553 est.
1076 1519 1084 1529 =

271 1577 299 1638 s.
324 1579 340 1623 3
369 1571 450 1640 Tum]
482 1585 546 1623 cam
571 1571 1002 1639 „MSS.10“Voes.A.1igtn.
1024 1572 1291 1633 comtemuong.

236 1643 293 1698 Ac.
310 1645 373 1695 Par.
394 1647 427 1694 A.
446 1643 504 1693 Pal.
524 1644 570 1692 Dr.
587 1645 616 1690 Β.
636 1644 714 1693 Vrec.
737 1642 792 1695 Ac.
808 1643 890 1695 Goth.
908 1645 964 1694 AB.
983 1645 1079 1696 llamb.
1101 1644 1182 1695 vind.
1198 1639 1294 1691 CEFl.

238 1717 273 1766 lit
292 1712 375 1763 Vind.
393 1708 426 1762 li.
444 1710 527 1761 etiam
543 1711 571 1760 in
589 1712 710 1774 margine
729 1713 768 1761 ol.
787 1714 958 1763 camaeleon.
994 1712 1095 1762 Eodem
1114 1709 1254 1771 errores.
1275 1712 1292 1762 5

239 1784 342 1848 „ilisa
364 1778 410 1831 8“
433 1780 515 1830 voss.
535 1778 566 1830 Α.
592 1783 670 1842 Egrn.
688 1783 761 1832 (lota
784 1778 857 1833 Lov.
876 1783 960 1845 Bong.
977 1784 1010 1832 Α.
1032 1782 1096 1831 l’nr.
1112 1786 1146 1837 Α.
1168 1781 1216 1830 Dr.
1236 1781 1312 1830 An„

165 1888 168 1893 -
236 1854 317 1904 Vrat.
335 1853 368 1900 A.
389 1851 484 1900 flami).
503 1850 555 1899 Gn.
572 1854 601 1898 et
622 1861 640 1899 a
658 1863 691 1900 m.
713 1861 769 1898 seo.
788 1851 867 1902 Goth.
882 1857 914 1900 Δ.
932 1863 981 1912 pro
998 1853 1060 1903 tom
1077 1850 1205 1901 exhibent
1217 1861 1292 1913 ram,

237 1921 307 1985 quod
325 1920 406 1968 etiem
424 1917 640 1983 lindenbrogius
658 1924 774 1981 atroque
792 1920 853 1969 loco
870 1919 945 1983 legit.

272 1990 300 2060 §.
318 1987 335 2037 t
352 1987 523 2050 adquireret]
541 1989 618 2053 ligni.
633 1987 715 2039 Febr.
731 1988 831 2053 (Bong.
848 1993 897 2050 Δ.)
915 1990 979 2041 l’ar.
990 1992 1024 2040 Α.
1041 2001 1097 2039 non
1113 1999 1176 2053 aeq.
1194 1985 1293 2052 aquir-

236 2060 318 2111 Vind.
336 2058 366 2108 B.
911 2066 915 2077 ·

202 2124 502 2189 ‘mmmm

233 2216 255 2247 e·
272 2195 455 2262 Agedincum]
487 2188 621 2258 ‚‚MSS.“
646 2192 730 2256 Bong.
751 2195 785 2242 Α.
807 2193 863 2245 l’et.
884 2194 967 2246 Febr.
989 2195 1061 2243 ven.
1079 2195 1100 2244 t.
1120 2190 1295 2259 daedaleam

236 2258 298 2329 ht.
330 2265 417 2315 Confi.
442 2261 635 2327 aceadnioum
660 2262 720 2311 Ber.
744 2263 840 2327 anerla
864 2276 931 2313 cum
953 2262 1036 2312 Vind.
1063 2257 1095 2309 Α.
1120 2260 1294 2328 dormitionem

167 2382 177 2395 ,
237 2337 300 2387 Aia.
320 2343 349 2385 et
366 2347 424 2398 sqq.
446 2341 475 2380 et
492 2344 553 2382 onrn
571 2343 587 2382 e
605 2342 688 2392 snper
704 2345 723 2382 a
741 2332 820 2388 Goth.
838 2327 870 2380 Α.
888 2332 1045 2400 Anaeticum
1059 2331 1127 2383 ond.
1146 2335 1173 2382 2.
1194 2330 1297 2415 anm-¹

253 2485 280 2549 S.
297 2492 315 2539 2
333 2485 379 2553 qni
395 2493 458 2537 ante
471 2487 551 2536 erent
568 2497 617 2546 ner
634 2496 666 2535 se
683 2483 727 2534 in·
767 2483 828 2536 Atr.
846 2488 890 2549 (13,
910 2489 941 2536 1:
959 2485 1067 2543 Caesar
1080 2484 1200 2536 interim
1218 2486 1294 2537 cele-

201 2557 313 2617 tdeles]
344 2558 385 2608 De
411 2555 491 2604 verbi
514 2554 637 2604 modoet
657 2561 726 2603 tem-
766 2556 1037 2620 rnerpernamtos
1051 2554 1214 2620 incastris,
1229 2566 1295 2607 com

201 2638 269 2689 nore
295 2625 332 2674 ci.
353 2626 417 2676 adn.
435 2622 472 2673 ad
489 2635 514 2672 c.
533 2627 548 2673 1
566 2622 593 2683 S.
611 2625 629 2672 3
645 2631 674 2672 et
691 2625 727 2672 ad
766 2637 857 2690 opero
867 2625 1047 2688 circumiret,
1061 2625 1175 2676 certior
1184 2625 1293 2688 factas,

201 2709 226 2747 c.
245 2691 282 2746 44
299 2692 325 2755 S·
339 2695 366 2747 1.
400 2693 552 2743 Pronomen
571 2700 661 2742 eutem
679 2700 741 2742 rem·
767 2707 840 2759 quoe
853 2694 976 2745 aberant
993 2711 1012 2746 a
1028 2696 1119 2759 porto
1130 2693 1212 2744 mdia
1222 2705 1293 2758 poe-
1331 2719 1348 2733 -ι

199 2765 315 2817 lutivom
333 2776 388 2814 non
404 2762 585 2822 adllaednos,
602 2761 647 2822 qui
661 2773 726 2821 pro·
765 2778 850 2814 eoum
870 2765 934 2826 Va,
957 2777 1028 2830 eqao
1046 2763 1292 2828 admisso—pcr-

198 2833 271 2885 xlne
289 2831 417 2887 nominati
435 2837 508 2898 snut,
526 2831 620 2880 seond
631 2830 725 2882 Bello·
767 2836 847 2886 venit
856 2833 980 2897 Leptim.
1014 2834 1145 2899 Denique,
1164 2832 1211 2895 qni
1226 2843 1294 2894 pro-

198 2915 286 2956 vacos
305 2903 443 2965 pertinens
461 2908 541 2963 qnam
558 2901 657 2950 habeat
674 2909 722 2949 ro·
767 2903 838 2953 xime
857 2904 892 2953 ed
911 2904 982 2952 hnnc
1000 2904 1118 2967 accedit,
1134 2901 1209 2954 oeli.
1229 2901 1259 2967 8,
1276 2898 1293 2951 4

196 2971 307 3035 donem,
325 2967 437 3023 com‘rx
455 2968 501 3033 iis,
519 2980 588 3033 qnae
607 2970 641 3019 ed
661 2965 689 3033 5,
707 2969 722 3017 1
767 2970 794 3031 s.
811 2974 844 3021 1:
862 2972 971 3024 Caesar
988 2971 1189 3035 militioaspro
1207 2971 1294 3023 tanto

198 3040 226 3102 s.
247 3044 260 3090 1
277 3043 306 3090 et
323 3043 357 3092 ad
374 3042 393 3091 7
401 3074 409 3104 ‚
426 3035 463 3090 44
480 3040 507 3102 S·
524 3040 541 3087 2
558 3035 724 3100 notavimus,
765 3039 864 3092 labore
881 3052 917 3091 ao
934 3040 1087 3107 patientia,
1105 3040 1155 3105 qai
1174 3039 1294 3092 brumo-

197 3113 257 3163 torn
279 3109 321 3160 liis
344 3123 378 3160 ex
396 3109 466 3171 locis
481 3105 597 3170 intelligi
615 3108 723 3168 potest:
766 3109 1203 3172 lam-atema-staatorireime
1220 3121 1294 3173 per.

197 3173 260 3230 (liv.
277 3181 306 3245 3,
324 3176 361 3229 et
374 3176 400 3238 §.
418 3179 450 3228 12
466 3176 578 3229 Eodem
592 3177 723 3239 tempore
766 3182 937 3231 manserant
961 3180 992 3231 m
1021 3180 1133 3246 labore,
1167 3179 1295 3231 ducenos
1338 3222 1343 3231 .

195 3247 317 3300 tertiam
348 3247 440 3300 aciem
475 3245 600 3307 caesar,
648 3256 722 3308 coac
765 3249 918 3300 sestertios
932 3249 1142 3315 -pollioetam
1201 3251 1293 3312 Atque

196 3319 295 3382 caleto
318 3316 422 3384 ficerat
446 3316 476 3368 et
492 3328 524 3366 re
540 3315 579 3366 orl
596 3313 627 3365 id
646 3316 720 3366 tem·
765 3318 827 3381 ipso
847 3320 974 3369 hocloco
993 3321 1066 3371 verti
1084 3319 1174 3382 potest
1189 3317 1238 3385 tic,
1255 3317 1293 3372 oie

192 3399 250 3451 nae
268 3388 330 3438 toro
349 3385 505 3448 tenuerat,
535 3394 719 3449 promerere
764 3388 852 3455 corbet
867 3386 914 3454 anf
932 3387 998 3456 eiam
1011 3389 1087 3454 bant
1103 3389 1224 3454 anaema
1241 3399 1293 3441 me

194 3453 289 3510 torsit.
325 3455 364 3505 in.
385 3457 417 3519 2,
440 3453 474 3505 25
492 3456 520 3518 s.
536 3455 570 3504 6:
592 3451 719 3505 Interim
763 3470 816 3513 cen.
851 3454 893 3507 Gt.
911 3458 1048 3509 Drakenb.
1067 3461 1103 3510 ad
1120 3459 1183 3509 Liv.
1203 3459 1237 3523 4,
1255 3457 1292 3508 58

194 3525 324 3577 adventu
340 3527 493 3591 manarum
505 3525 622 3574 nnciam
629 3521 718 3573 Oario
762 3526 788 3596 5.
806 3521 833 3574 4.

192 3594 389 3658 pronuntiare
419 3591 565 3646 onerariis
598 3591 718 3643 nacitur
814 3596 840 3656 s.
864 3591 884 3645 4
915 3598 944 3646 nt
967 3595 1070 3661 aliquid
1089 3594 1290 3660 adquireret—

193 3662 289 3728 taoet,
319 3675 393 3728 quoe
415 3662 531 3715 elaboret
546 3661 585 3714 ad
607 3661 719 3712 Vticam
761 3665 912 3726 cogitabat]
932 3667 970 3716 Vt
988 3669 1014 3716 h.
1029 3668 1048 3716 l.
1066 3678 1121 3717 non
1138 3667 1226 3715 solutu
1237 3667 1290 3715 ed·

192 3743 314 3784 numero
330 3731 454 3797 meeber
470 3731 540 3796 cti,
570 3744 601 3782 ce
617 3732 648 3781 tn
664 3731 718 3780 lao-
760 3735 893 3797 verbium,
901 3737 949 3785 sed
958 3733 1156 3787 coniunctionis
1164 3736 1193 3785 vi
1203 3747 1288 3796 prae·

191 3801 282 3852 etiam
307 3801 474 3854 babituram
497 3794 560 3851 l'aco
586 3801 636 3866 atat
662 3804 714 3850 etc,
759 3801 924 3854 ninom-esse
944 3816 979 3854 ex
998 3803 1031 3869 5,
1050 3806 1087 3857 57
1105 3803 1134 3864 S.
1154 3808 1178 3857 1.
1190 3802 1290 3867 colligi

190 3871 232 3922 ln.
251 3875 279 3936 3,
296 3875 313 3922 3
329 3872 357 3933 s.
375 3872 406 3920 1:
424 3869 574 3934 Pompeiae
589 3881 715 3922 ooraam
758 3880 863 3939 potest,
897 3871 944 3923 nbi
975 3875 1008 3922 ne
1039 3876 1135 3926 eonem
1164 3875 1288 3926 Labieno

189 3939 316 4003 epatium
332 3941 371 3991 ari
387 3940 597 4002 comparandae
614 3939 714 4000 coriae
757 3953 848 3992 sermo
872 3945 931 3992 este
960 3943 996 3994 de
1024 3956 1076 3994 eoo
1102 3956 1138 3995 no
1163 3943 1286 4010 legionis

186 4011 306 4073 molae,
338 4011 414 4075 qaod
446 4022 571 4061 caenam
596 4023 616 4060 o
641 4009 712 4059 bello
754 4013 885 4079 periculo
902 4010 975 4062 nibil
991 4013 1127 4072 timebam
1143 4027 1180 4065 ne
1199 4027 1287 4077 qaam

184 4079 283 4141 atoue>
298 4079 333 4130 ab
357 4078 437 4130 torte
455 4079 579 4130 otiosam
597 4080 710 4144 fuerat,
754 4083 933 4132 occasionem
962 4084 1009 4133 rei
1037 4085 1106 4135 bene
1137 4086 1285 4151 aeremitae

184 4161 317 4215 monam
347 4175 382 4186 -
409 4149 530 4201 elacrem
563 4151 708 4215 coereeat.
752 4150 931 4220 dimitteret,
950 4151 1105 4218 conitebor.
