2700 4726
48 342 52 347 .
148 293 215 364 ⁵9⁸
299 367 300 370 Ὺ
392 282 972 358 ·nnnnuuoennnroo

6 528 11 545 ,
106 478 272 547 luimus.
315 474 409 564 Quid
427 474 594 541 hominurn
618 474 754 540 milibus
776 472 923 541 LXXX.
945 493 1009 538 nno
1031 472 1106 537 loeo
1128 471 1236 539 inter·

150 567 248 632 iestis
282 564 482 652 propinquis
515 562 840 648 consanguineisque
864 562 993 626 nostris
1026 558 1129 625 animi
1159 560 1257 626 fore

151 653 371 732 existimetis,
402 652 433 716 si
461 671 567 738 paone
597 650 631 715 in
659 650 745 739 ipsis
776 648 993 715 cadaveribus
1022 648 1153 734 proelio
1176 647 1237 716 de·

109 748 285 811 8oontaro
322 729 507 824 negentur?
555 733 675 804 Nolite
706 739 768 804 hos
802 745 916 803 vestro
954 737 1078 802 ouuilio
1114 756 1236 825 exspo-

150 830 253 909 liare,
281 829 341 914 qui
369 832 501 893 vestroe
522 824 643 892 salutis
667 846 769 892 oense
793 846 892 892 sunm
915 825 1100 912 perieulum
1121 826 1237 911 negle-

221 1049 284 1110 S.7
306 1044 454 1113 nominum]
479 1049 588 1112 ‚‚liong.
614 1059 653 1110 pr.
673 1047 754 1097 Voss.
773 1059 815 1109 pr.
832 1047 927 1096 Peter.
946 1044 1022 1096 Leld.
1043 1059 1084 1109 pr.
1104 1048 1237 1110 ligmnnrl.

187 1121 292 1170 Lovun.
319 1118 347 1166 et
370 1124 485 1180 quotuor
509 1116 558 1168 elil
584 1129 643 1167 cunr
664 1118 712 1167 En.
731 1116 788 1168 Ino·
816 1114 852 1165 in
868 1114 1020 1166 lominum.
1056 1116 1096 1166 vt
1120 1125 1236 1178 ponatur

82 1186 86 1199 '
187 1199 238 1250 pro
252 1197 334 1250 ergo,
352 1188 480 1252 propter,
498 1187 572 1237 since
588 1197 636 1236 eos
653 1187 772 1238 mortuos
789 1183 829 1234 ite
847 1184 1010 1250 animatum,
1031 1193 1058 1234 et
1073 1186 1107 1235 ob
1126 1188 1236 1236 coelem

187 1257 380 1306 inflammatum
397 1267 470 1304 esse.
505 1245 585 1306 Certe
601 1265 654 1304 non
672 1255 763 1317 putem
780 1266 844 1304 esee
861 1255 895 1303 tle
916 1253 1001 1302 nihilo
1019 1253 1090 1307 istud
1107 1254 1149 1318 in.
1184 1255 1236 1305 noi

187 1325 295 1375 omnino
313 1325 347 1374 eu
371 1324 389 1374 l.
408 1323 430 1372 1.
452 1337 477 1372 e.
494 1327 521 1375 6.
547 1325 628 1376 Bono
644 1324 739 1375 animo
753 1324 784 1375 in
801 1325 905 1385 popone
921 1324 1052 1375 Romano
1070 1319 1169 1375 osse.“
1205 1325 1236 1374 ln

188 1388 272 1456 Bong'.
290 1395 323 1442 A.
349 1395 420 1443 teste
444 1393 487 1446 Pl.
509 1393 639 1455 seriptum
659 1402 702 1443 est
720 1393 893 1456 hominum,
918 1393 948 1442 in
963 1393 1110 1444 ionunum
1128 1396 1235 1453 praeter

187 1467 296 1512 ceteros
319 1462 354 1511 ob
381 1460 604 1514 ornumornum
628 1463 727 1514 hebeno
750 1463 825 1513 (init.
850 1462 915 1512 Por.
939 1465 973 1509 A.
999 1464 1086 1512 Boon.
1113 1463 1160 1512 Dr.
1179 1464 1233 1511 Ali.

187 1527 267 1582 Vrut.
285 1530 339 1580 All.
361 1530 457 1581 llemb.
475 1531 528 1580 Gn.
548 1526 627 1581 Vino.
644 1533 720 1581 Bliili'.
753 1534 781 1582 ln
799 1542 833 1582 ee
852 1529 1066 1598 sippilloatione,
1083 1543 1138 1594 qna
1156 1535 1235 1592 puin-

187 1602 235 1652 bot
253 1601 336 1665 onst,
357 1611 408 1650 neo
428 1599 481 1649 ‹lioi
498 1597 617 1660 potuisse
635 1602 744 1652 videtur
761 1612 812 1651 neo
830 1599 855 1650 ni
872 1603 994 1668 poterut,
1012 1603 1073 1649 huie
1090 1601 1152 1651 loeo
1168 1612 1235 1651 sou-

187 1666 330 1731 venlebot‚
352 1680 413 1718 eum
432 1668 464 1716 ob
482 1669 594 1718 caedem
619 1667 797 1722 inflammatos
820 1680 853 1718 eo
870 1668 967 1719 lortius
987 1668 1091 1731 proelio
1107 1670 1236 1721 decerte-

188 1742 265 1789 turos
284 1749 347 1786 esse
364 1743 573 1787 consentaneum
591 1742 676 1789 esset.
711 1741 771 1790 Nou
786 1737 874 1800 magis
892 1741 927 1786 sn
944 1739 1054 1798 linguae
1071 1751 1151 1787 nsum
1173 1751 1236 1800 pro-

187 1805 287 1857 babilis
311 1807 356 1854 est
379 1805 498 1855 Diibneri
522 1805 627 1873 opinio,
652 1807 699 1871 qul
721 1809 806 1870 illud,
833 1807 902 1869 quod
926 1819 960 1856 ex
984 1807 1046 1856 Par.
1066 1809 1099 1855 Α.
1125 1807 1235 1874 ascivit,

103 1886 106 1893 ·
187 1875 258 1925 idem
277 1887 340 1925 esse
357 1873 452 1925 statuit
468 1876 550 1936 otone
574 1874 605 1924 in
622 1878 710 1929 coede
725 1875 871 1927 lominum
887 1875 996 1926 milium
1012 1876 1146 1930 LXXX.
1167 1880 1235 1940 quon

189 1943 214 1993 si
231 1944 361 2005 scripturn
381 1947 520 2008 exstaret,
537 1956 636 1994 rursus
652 1945 871 2008 interpretatione
888 1945 1030 2010 indigeret.
1057 1948 1152 2010 Neque
1168 1948 1237 2008 quon

187 2014 338 2064 Petrarelrn
356 2011 407 2077 18,
423 2010 458 2063 45
477 2012 583 2077 posuit,
601 2015 682 2066 inter
700 2027 819 2065 suorum
836 2016 880 2065 tot
898 2016 1061 2079 cadauera,
1079 2026 1098 2065 e
1116 2014 1236 2067 caesore

188 2080 221 2132 in
251 2080 451 2144 praepositione
477 2081 658 2145 significatum
683 2097 747 2135 esse
767 2084 863 2145 potest.
912 2085 988 2144 Quae
1014 2095 1067 2148 quo
1091 2096 1186 2136 errore
1209 2086 1236 2135 in

187 2151 266 2202 illem
289 2151 410 2202 codicum
432 2158 537 2213 portem
561 2155 685 2220 venerit,
711 2165 783 2204 nune
806 2154 911 2202 retente
933 2152 1027 2217 optimi
1052 2164 1146 2206 eorum
1165 2155 1236 2206 sori-

187 2228 269 2283 ptnrn
284 2220 373 2272 minus
390 2220 532 2270 obscurum
550 2229 603 2276 est,

1146 2306 1157 2341 e

221 2355 400 2417 existimetis]
427 2357 613 2409 existumetis
637 2357 720 2408 Voss.
742 2358 775 2407 A.
799 2357 880 2409 Febr.
905 2359 967 2410 Per.
988 2362 1022 2410 Δ.
1053 2357 1264 2415 euistunentis'

187 2441 271 2501 song.
288 2444 322 2491 Α.
341 2442 382 2496 Pl.
408 2443 524 2501 (entim.
544 2442 654 2500 linmb.)
689 2441 732 2496 Cf.
759 2442 821 2494 edu.
841 2455 881 2495 or.
905 2445 941 2494 ad
965 2443 998 2512 5,
1016 2443 1051 2495 28
1068 2445 1095 2507 S.
1113 2429 1143 2499 3]
1171 2447 1236 2513 o,1

186 2507 257 2569 §.a
291 2511 324 2558 11
342 2508 370 2570 S.
387 2511 413 2558 8.
439 2508 565 2574 Μῦς.
585 2509 611 2560 5.
987 2542 991 2547 -
1204 2532 1210 2553 t

222 2591 249 2653 S·
265 2593 284 2644 8
303 2594 352 2645 hos
365 2622 401 2632 -
413 2595 473 2658 qul]
491 2594 544 2644 itoo
557 2619 592 2629 -
606 2606 654 2644 eos
671 2593 721 2657 qui
739 2591 787 2643 Cu.
807 2593 858 2645 Ox.
876 2593 954 2646 heiti.
967 2600 1000 2649 Α.
1017 2599 1089 2651 Rev.
1105 2602 1139 2652 A.
1158 2600 1236 2653 Vind.

188 2663 223 2716 Δ.
244 2660 313 2719 (too
330 2661 412 2713 etiem
429 2665 509 2715 Vtut.
524 2664 553 2712 B.
574 2674 592 2712 e
609 2675 643 2712 nn.
663 2676 686 2712 s.
703 2664 807 2723 hebet.)
835 2664 878 2717 cl.
895 2668 957 2717 edn-
974 2679 1016 2718 er.
1035 2671 1071 2721 orl
1089 2669 1117 2736 5,
1136 2672 1154 2724 7
1170 2675 1197 2736 s.
1210 2675 1236 2723 6.

207 2846 233 2910 S·
251 2853 270 2905 7
296 2849 366 2912 Quid
388 2847 521 2900 hominum
540 2876 574 2887 -
593 2849 675 2902 animi
719 2852 792 2919 fotis
809 2853 912 2913 erepta
929 2850 1051 2918 fuisses,
1068 2854 1156 2907 Nune
1172 2857 1237 2908 oni-

153 2918 228 2980 iore]
257 2920 360 2971 Similis
384 2919 465 2970 liuius
488 2917 539 2968 lool
563 2921 673 2972 oonior-
717 2922 774 2988 mi,
797 2921 962 2972 miseranda
988 2918 1093 2988 soreii
1117 2933 1145 2975 et
1161 2926 1238 2979 Livii

154 2990 238 3039 metio
262 2993 305 3040 est
330 2999 410 3052 atque
435 2988 510 3054 olus,
539 3001 616 3050 quern
645 2989 675 3040 in
716 2989 821 3054 22‚5o
843 2988 935 3049 §.16³
962 3001 1027 3042 eum
1045 2993 1067 3043 ii
1081 3005 1139 3056 pro
1158 2996 1238 3048 nouis

154 3058 289 3109 Mantinea
320 3057 488 3121 significavit
517 3056 673 3121 oberimus,
715 3071 827 3123 proque
844 3059 897 3114 iis.
918 3058 1097 3126 ruinosum,
1114 3063 1237 3117 itosus-

154 3125 297 3178 Cioeronls
310 3128 350 3176 [le
362 3127 424 3189 imp.
438 3124 488 3174 Cn.
504 3126 594 3187 Pomp.
608 3139 632 3175 e.
642 3125 673 3175 δε
715 3129 797 3191 pensi
809 3139 844 3176 uo
857 3127 974 3179 solliciti
984 3130 1055 3195 sint,
1073 3145 1156 3197 quem
1167 3147 1236 3187 oen-

152 3196 279 3246 mm'ores
301 3195 399 3247 nostri
419 3206 504 3258 saepe
524 3197 673 3247 mercato·
714 3197 785 3248 setis
798 3197 923 3247 animum
934 3198 1064 3260 ipsorum
1076 3214 1147 3266 esse,
1164 3218 1237 3270 quo

59 3292 61 3299 ·
152 3263 233 3314 riuus
265 3266 318 3315 aut
342 3261 532 3315 naviculariis
561 3265 672 3316 nostrie
714 3277 782 3318 rum
795 3267 825 3315 in
839 3267 1007 3322 discrimine
1023 3269 1086 3322 uita
1099 3272 1258 3325 literius-⁵

150 3331 323 3384 iniuriosius
349 3334 489 3386 trasiniis
512 3333 584 3384 belin
607 3346 672 3398 pes·
716 3348 771 3400 que
793 3328 860 3386 esti
895 3337 999 3395 Quibus
1019 3339 1106 3392 tribus
1130 3344 1236 3404 pariter

150 3402 272 3453 serunt.-
294 3415 347 3452 nos
367 3404 414 3454 tot
436 3401 546 3452 mutnus
568 3403 673 3454 oinium
715 3408 795 3466 etque
817 3403 1016 3457 soccessoris
1040 3409 1244 3462 incohatione

150 3473 349 3523 Rornanorum
373 3483 430 3522 uno
459 3470 561 3521 nuntio
584 3474 673 3536 atque
714 3471 823 3523 dictioni
838 3473 1002 3527 normanica
1024 3481 1170 3541 respondet
1189 3481 1235 3537 tuit

149 3552 207 3590 uno
233 3544 364 3604 tempore
388 3541 497 3591 neentis
522 3554 578 3603 qno
602 3544 672 3592 tan·
712 3555 742 3610 gu
762 3542 864 3598 iiiutiln

149 3609 214 3660 dem
231 3610 327 3661 animo
348 3621 408 3661 esse
427 3603 556 3660 debetis?
587 3611 669 3660 Sinni·
764 3611 789 3660 si
804 3636 834 3648 -
848 3613 992 3672 cogentur]
1013 3611 1044 3662 id
1061 3615 1131 3677 qnod
1148 3615 1234 3666 inter-

148 3677 184 3726 lis
210 3679 276 3729 itern
305 3680 339 3730 ab
365 3679 503 3738 llerzogio
532 3679 668 3730 adhibitus
712 3679 795 3727 tectis
824 3678 892 3742 ipsis
924 3682 1046 3730 futurum
1072 3684 1156 3743 ponit.
1191 3684 1234 3736 cf.

147 3745 268 3797 eiusdem
287 3749 365 3799 loons
387 3756 430 3797 est
454 3747 507 3798 Pro
524 3758 589 3809 rege
608 3748 667 3796 Del.
712 3747 847 3799 ciente.
874 3745 907 3814 5,
939 3749 974 3798 20
1006 3749 1034 3810 S.
1057 3752 1091 3803 7:
1126 3766 1253 3806 uereor,

147 3816 207 3866 e.2
232 3816 273 3876 (s.
290 3818 339 3877 7):
365 3816 525 3880 tenuent,
550 3817 667 3875 Caesar,
711 3816 804 3880 enim,
838 3831 891 3880 ne,
923 3830 988 3868 oum
1014 3821 1051 3871 de
1080 3823 1233 3883 provincio

147 3883 196 3948 qni
221 3897 276 3946 pro
308 3887 406 3936 miultis
435 3898 522 3950 saepe
551 3886 667 3949 dimisti,
709 3889 833 3951 npetnr,
858 3884 885 3938 si
900 3886 1008 3939 caesor
1025 3889 1162 3961 resistet,
1180 3907 1233 3946 nos

146 3953 216 4017 quio
241 3967 318 4004 nune
341 3955 410 4005 miii
431 3956 520 4006 animi
538 3957 594 4022 sit,
627 3956 667 4006 ud
709 3955 894 4007 retineamus.

145 4024 175 4072 te
198 4021 292 4085 ipsum
315 4027 444 4088 reterre.
477 4029 504 4077 et
528 4025 587 4087 llio,
613 4037 665 4089 quo
760 4024 785 4084 S·
802 4026 820 4077 8
837 4037 914 4076 suum
933 4027 1084 4088 periculum
1098 4032 1232 4095 neglexe-

144 4104 212 4141 usns
236 4100 280 4141 est
302 4093 466 4158 hippurim,
492 4094 663 4145 OvidiiMet.
707 4097 784 4156 runt]
816 4093 1231 4165 cf.0ic.Fam.1i,4S.2:

144 4162 177 4228 1,
194 4159 261 4216 358:
289 4161 367 4226 Quia
391 4159 458 4231 tibi,
482 4163 594 4216 sisino
618 4176 665 4219 me
708 4163 758 4230 qui
781 4165 943 4230 portentum
974 4166 1171 4236 fortunarum
1199 4171 1230 4226 et
