2700 4726
152 309 218 376 606
409 304 483 374 ΒΕ
513 302 695 373 BELLO
727 300 993 380 Gannico,

151 495 287 583 paulum
317 490 359 557 ab
390 512 429 556 eo
457 493 532 559 loeo
557 492 690 559 abditas
720 497 755 558 in
783 492 870 559 locis
899 490 1136 579 superioribus
1158 513 1236 559 eou-

108 594 129 654 8
151 583 310 648 atituunt.
334 591 338 602 ‘
355 577 442 645 Erat
462 601 502 645 ex
523 581 648 667 oppido
666 581 789 649 Alesia
812 580 992 668 despectus
1014 581 1048 647 in
1067 601 1236 668 eampum.

99 738 105 745 ,
151 668 364 739 Concurrunt
392 665 445 733 his
477 669 611 734 auxiliis
641 669 744 748 visis3
774 667 814 733 fit
836 668 1020 754 gratulatio
1052 668 1144 734 inter
1165 690 1236 750 eos,

107 762 252 844 4atquo
281 754 426 820 omnium
454 755 557 820 animi
589 752 632 821 ad
661 754 826 821 laetitiam
857 755 1059 822 exaltantur.
1111 754 1235 844 Itaque

148 841 324 933 prodiretis
349 843 456 931 copiis
486 850 563 908 aute
593 845 751 931 oppidum
776 843 957 910 considunt
982 851 1017 909 ot
1044 844 1233 933 proximam

217 1051 341 1115 paulum]
358 1050 445 1114 poulo
463 1051 546 1114 Bong.
560 1054 593 1103 Δ.
613 1053 681 1104 Dok.
700 1052 847 1115 prumam
866 1051 952 1101 llaen.
969 1051 997 1099 S.
1014 1049 1091 1100 held.
1104 1053 1140 1100 A.
1159 1059 1188 1101 et
1205 1052 1235 1101 ln

181 1122 253 1173 inter
270 1133 370 1171 versus
385 1132 469 1179 super
486 1122 547 1171 tom
563 1120 654 1185 posito
671 1123 755 1172 Viud.
770 1123 804 1169 Α.
824 1119 924 1185 (ond,
942 1122 971 1168 ut
988 1121 1077 1182 solet,
1103 1122 1235 1182 pannum

181 1188 295 1252 scripsit
313 1198 341 1240 et
358 1190 380 1238 n
397 1187 493 1239 tribuit
515 1192 644 1252 quattuor
662 1191 719 1242 illis
738 1189 891 1253 codicibus,
910 1200 1020 1253 quorum
1038 1188 1145 1250 primus
1162 1197 1233 1240 teste

181 1260 223 1312 Pl·
240 1261 323 1310 habet
338 1260 374 1319 l.)
407 1257 450 1309 cl.
468 1258 529 1310 adn.
548 1273 589 1310 or.
604 1262 639 1310 ad
659 1273 683 1313 c.
701 1258 736 1312 45
758 1260 785 1330 §.
804 1257 831 1310 5.
1064 1273 1071 1289 ’

216 1343 339 1411 abditas]
363 1345 478 1396 additos
504 1346 605 1409 ,1188Ι
627 1342 760 1405 septem“
779 1345 860 1394 Voss.
879 1345 913 1395 A.
931 1343 1004 1394 Goti.
1027 1344 1105 1408 Egm.
1128 1338 1234 1408 ‚,LD“

181 1419 232 1474 (an
250 1415 318 1465 ιον.
337 1408 443 1471 torri)
461 1415 542 1468 Faus.
567 1414 631 1466 Par.
649 1416 683 1464 Δ.
709 1416 755 1465 Dr.
773 1414 828 1462 ΑΒ.
848 1413 927 1463 Vrat.
943 1407 990 1462 Ao
1011 1421 1038 1462 et
1056 1424 1074 1462 a
1089 1425 1125 1462 m.
1143 1427 1186 1477 pr.
1206 1412 1233 1464 a.

180 1485 260 1533 Goth.
278 1484 310 1531 B.
329 1482 381 1534 Gn.
399 1482 457 1532 Pal.
481 1484 625 1534 adductus
642 1485 700 1534 Pet.
719 1485 798 1546 Bong.
817 1480 847 1530 (i.
876 1480 993 1532 auditos
1011 1481 1093 1532 Vind.
1111 1479 1144 1530 G.
1170 1481 1231 1533 edi·

179 1554 227 1604 ios
258 1552 391 1616 „trasna
416 1552 578 1602 coniiciebac
600 1553 653 1604 Vir
676 1554 792 1619 Doctus,
823 1553 859 1600 od
885 1551 928 1600 sui
959 1551 1022 1601 libri
1047 1547 1231 1615 marginem.“

179 1622 248 1671 liam
267 1619 356 1682 Lipsii
372 1621 553 1672 coniecturam
572 1621 659 1672 tuisse
675 1623 776 1672 litteris
796 1618 847 1670 10
861 1619 1000 1682 significat
1016 1618 1098 1670 Febr.

214 1704 242 1765 S.
260 1710 278 1756 3
296 1704 480 1763 concurrunt]
503 1719 528 1756 c.
548 1720 644 1758 omnes
666 1706 724 1760 Pet.
750 1705 967 1757 contumulant
984 1705 1082 1755 llamli.
1106 1715 1232 1755 concur·

179 1773 264 1826 ritnr
287 1771 357 1823 And.
383 1775 434 1826 0¹.
457 1773 507 1827 Cu.
525 1778 552 1826 Ι.
573 1778 644 1827 llav.
663 1772 695 1826 Α.
720 1777 802 1826 Vind.
821 1777 854 1826 A.
881 1787 942 1823 curn
965 1776 1024 1823 edd.
1045 1783 1162 1836 excepta
1178 1772 1230 1824 iuc.

178 1852 207 1892 ec
224 1845 295 1893 Ver.
314 1843 335 1895 i.
353 1844 484 1894 omnibus.
520 1845 566 1895 sio
582 1857 667 1907 supra
685 1858 709 1895 o.
727 1844 745 1895 4
762 1847 788 1906 s.
807 1847 824 1894 2
843 1842 957 1909 coquito
976 1844 1037 1894 eins
1054 1843 1175 1894 consilio
1194 1842 1231 1894 ad

178 1922 264 1963 ormo
280 1914 490 1975 concurritur,
516 1917 544 1963 et
568 1914 642 1965 intra
665 1926 689 1963 c.
707 1911 742 1965 84
768 1915 795 1976 s.
812 1918 828 1964 2
856 1926 930 1977 quoe
946 1913 1060 1962 nonime
1078 1913 1144 1964 uiso
1158 1923 1229 1974 pars

177 1979 266 2047 {irruo
284 1983 344 2047 est,
365 1982 421 2032 luc
438 1984 638 2034 concurritur.
663 1995 732 2045 quae
751 1983 875 2044 exempla
893 1982 1081 2044 oudendorpio
1100 1981 1229 2032 suficere

70 2111 74 2117 ῃ
177 2053 213 2101 ad
230 2052 459 2102 condemnandum
477 2052 598 2103 activum
618 2052 680 2102 visa
699 2055 773 2104 suut.
807 2053 896 2102 Etiam
915 2053 947 2114 2,
963 2052 999 2102 20
1017 2050 1043 2111 8.
1059 2055 1073 2102 1
1092 2054 1132 2102 od
1144 2062 1229 2102 ormo

176 2120 318 2172 concurri
341 2128 369 2170 et
387 2121 423 2171 ili.
441 2124 493 2184 33,
510 2125 528 2171 3
554 2136 587 2173 eo
605 2133 779 2173 concursum
801 2124 846 2172 est
868 2119 999 2185 tegimus,
1026 2121 1120 2172 activo
1140 2127 1229 2170 autem

176 2191 291 2252 reliquis
316 2190 344 2238 in
368 2191 438 2240 locis
469 2192 516 2257 (1,
540 2190 576 2244 48
599 2190 671 2249 §.o
702 2195 788 2253 mi
811 2190 837 2250 S.
854 2187 881 2241 4.
912 2189 947 2251 5,
968 2192 1004 2239 39
1027 2188 1098 2248 §.3-
1134 2188 1184 2254 55,
1202 2187 1227 2240 4.

176 2263 210 2322 6,
230 2256 309 2317 aas.
329 2255 355 2308 4.
390 2259 502 2323 7,as.
523 2263 550 2310 1.
587 2258 638 2326 24,
656 2260 683 2310 5.
713 2262 763 2326 38,
781 2260 809 2313 8.
840 2258 956 2325 43,1.)
979 2258 1096 2308 subiecti
1121 2258 1228 2322 signiti-

64 2364 68 2377 .
174 2326 310 2379 cntionem
332 2328 451 2378 additam
471 2328 603 2380 videmus.
646 2329 706 2378 Hoc
728 2339 817 2380 tamen
840 2328 901 2380 loco
925 2340 1079 2379 sermonem
1105 2340 1172 2379 esso
1195 2330 1228 2377 de

173 2396 226 2460 iis,
250 2397 295 2460 qui
311 2391 424 2446 Alesiae
440 2397 650 2462 obsidebantur,
670 2399 754 2448 facile
774 2397 951 2460 intelligitur,
969 2398 997 2445 et
1017 2396 1178 2457 scriptorem
1196 2398 1229 2446 de

174 2465 215 2514 iiis
234 2467 373 2527 cogitasse
391 2467 535 2528 sequeutia
552 2468 659 2516 docent.
691 2468 788 2531 Itaque
807 2467 990 2517 concurrunt
1006 2465 1090 2516 nihilo
1107 2465 1228 2517 deterius

173 2532 289 2583 iudicari
305 2535 333 2581 et
350 2542 459 2596 proptor
476 2533 586 2585 codices
604 2535 739 2595 praeferri
757 2536 847 2585 debet.

206 2617 233 2677 s.
253 2615 271 2666 4
289 2616 452 2676 proximam]
470 2618 662 2680 „proximam
680 2619 710 2668 li.
727 2632 769 2681 pr.
787 2619 822 2670 V.
841 2633 883 2683 pr.
894 2615 912 2648 “
939 2618 1007 2670 0ud.
1032 2630 1095 2684 „an
1111 2631 1228 2686 promn-

173 2680 298 2737 momi“
317 2685 397 2748 Nipp.
431 2687 484 2736 Sed
501 2685 542 2735 Pl.
561 2695 589 2736 et
606 2687 689 2739 Febr.
708 2692 810 2740 tacent.
838 2688 885 2748 (in
901 2699 948 2752 pr.
967 2689 1014 2738 Dr.
1031 2692 1081 2748 Δ.)

191 2873 300 2932 paulum
325 2869 360 2919 ab
390 2879 422 2919 eo
449 2871 509 2921 loco
540 2871 658 2932 abditas]
758 2872 785 2934 s.
803 2875 821 2923 3
840 2871 956 2924 omnium
975 2873 1071 2935 animi]
1102 2871 1147 2928 Ct.
1166 2877 1228 2931 ndu.

138 2939 346 3003 oudendorpius
357 2943 499 3006 commate,
515 2943 585 3002 quod
596 2943 661 2991 vul·
704 2954 744 2993 or.
763 2945 798 2994 ad
814 2944 847 3008 6,
866 2940 899 2992 41
919 2941 946 3002 s.
964 2945 992 2991 3.

137 3024 172 3074 go
199 3019 261 3072 post
291 3009 354 3058 loco
385 3010 550 3076 ponebatur,
584 3018 660 3060 reete
757 3009 821 3072 §.4
844 3012 994 3073 proximam
1015 3015 1132 3075 tossen]
1159 3016 1228 3066 Eam

136 3082 246 3131 sublato
271 3078 384 3130 additos
403 3078 492 3127 minus
518 3085 594 3129 recte
613 3091 660 3128 se·
704 3079 904 3130 (iuisciiardtus
922 3079 1008 3132 Mem.
1028 3085 1111 3134 milit.
1131 3086 1157 3150 1,
1174 3085 1228 3135 301

135 3151 262 3210 iunctas,
288 3149 445 3197 abstractas
463 3148 660 3209 interpretatur
703 3152 732 3199 et
760 3150 973 3212 lterliugnierius
988 3198 990 3201 ,
1005 3153 1142 3202 Examen
1172 3156 1226 3203 etc.

118 3223 239 3270 'remote
250 3216 355 3266 occulti
368 3214 577 3281 significatione,
591 3228 659 3279 quae
704 3233 731 3281 p.
751 3214 802 3269 144
826 3219 902 3268 iliam
926 3229 990 3268 esse
1009 3229 1118 3287 putant,
1146 3234 1226 3286 quam

135 3287 249 3350 reliquis
264 3287 291 3335 iu
306 3284 374 3334 iocis
389 3285 451 3334 huic
467 3286 559 3351 verbo,
578 3297 661 3348 prae·
703 3288 801 3337 Gallos
829 3286 930 3338 castris
963 3290 1022 3338 suis
1051 3290 1227 3352 praeductam

42 3376 47 3383 ·
135 3358 229 3406 sertim
255 3353 399 3417 participio
432 3355 576 3406 coniuncta
608 3363 659 3407 est.
703 3357 832 3406 habuisse
849 3369 874 3405 c.
885 3357 920 3406 69
937 3355 963 3416 S.
979 3358 996 3408 5
1012 3361 1226 3411 demonstratum

135 3424 236 3485 Quidni
259 3436 293 3473 ex
319 3435 351 3473 eo
370 3424 431 3472 loco
448 3423 563 3486 Gallos,
588 3425 659 3473 unde
703 3434 754 3477 est.
783 3450 817 3461 -
858 3427 895 3474 Ao
924 3429 1085 3479 remotiores
1119 3431 1226 3496 fossae,

134 3496 280 3558 equitatum
300 3492 327 3541 iu
342 3490 481 3556 planitiem
498 3494 659 3558 eduxerant,
703 3507 771 3559 quos
798 3493 904 3544 caesar
933 3492 1100 3559 promineant
1132 3499 1227 3549 dicens

134 3563 284 3626 peditatum
314 3563 361 3611 vel
391 3571 493 3621 partem
523 3563 659 3621 peditatus
701 3564 729 3612 iu
746 3563 836 3613 auimo
853 3565 984 3632 habebat,
1003 3569 1074 3619 nand
1091 3567 1173 3619 dubie
1190 3568 1225 3618 ab

134 3631 300 3681 eductamin
316 3630 384 3681 iocis
398 3630 582 3691 superioribus
597 3630 659 3680 sive
701 3631 761 3694 ipso
784 3632 876 3683 iactae
900 3637 995 3703 eraut,
1028 3649 1118 3699 neque
1144 3638 1224 3702 hano,

135 3702 277 3762 consulto,
309 3701 493 3751 othonianus
519 3699 658 3765 fallerent,
702 3714 780 3765 qnam
812 3701 903 3752 Gallis
931 3716 982 3767 quo
1013 3707 1091 3755 modo
1117 3704 1225 3770 liberet,

95 3766 100 3785 “
135 3768 197 3817 sive
222 3782 291 3820 casu
317 3770 356 3819 ita
380 3768 557 3818 constituisse
578 3776 658 3828 pute-
702 3769 821 3820 transire
842 3773 947 3823 licitum
967 3783 1058 3841 esset,
1081 3775 1109 3824 in
1128 3777 1223 3826 eodem

134 3850 212 3895 mus,
231 3842 261 3887 ut
280 3851 313 3886 ex
331 3837 443 3899 planitie
457 3840 486 3888 et
500 3836 658 3888 munitioni·
701 3852 802 3903 genere
823 3846 904 3903 atque
925 3843 989 3892 illas
1007 3856 1107 3904 ponere
1127 3844 1221 3907 potuit.

135 3909 185 3958 bns
200 3906 379 3957 Romanorum
394 3908 514 3968 conspici
527 3918 580 3958 nou
592 3919 658 3969 pos·
700 3910 760 3960 Non
784 3909 871 3972 magis
902 3919 966 3974 eos,
998 3913 1045 3976 qui
1070 3914 1121 3962 sub
1145 3925 1222 3967 maro

135 3985 214 4039 seni,
241 3987 276 4023 ex
293 3976 390 4026 Alesia
407 3987 491 4043 vero,
518 3977 589 4026 unde
608 3978 659 4026 de·
701 3977 792 4040 oppidi
818 3979 891 4028 intra
907 3984 1001 4032 castra
1016 3981 1046 4033 in
1066 3990 1145 4044 parte
1163 3987 1223 4036 ool-

134 4054 246 4108 spectus
259 4047 335 4093 esset
349 4045 376 4095 iu
389 4057 529 4108 eampum,
547 4053 660 4107 possent
701 4047 738 4097 iis
762 4048 796 4096 ad
814 4045 945 4098 orientem
963 4057 1105 4112 spectante
1122 4066 1224 4104 versa·

134 4107 274 4178 conspici?
308 4113 351 4162 De
378 4115 509 4168 adverbio
535 4115 572 4166 of.
597 4115 659 4166 adn.
701 4119 817 4184 rentur,
833 4117 972 4179 prodactis
989 4119 1076 4202 copiis
1090 4124 1156 4172 ante
1172 4135 1222 4185 op-

134 4178 316 4253 ad4,178.
335 4187 362 4234 3.
702 4184 792 4249 pidum
822 4185 979 4239 conmdiase
1006 4191 1099 4253 dicere
1127 4192 1223 4256 potuit.
