2700 4726
405 125 508 200 stu.
532 126 614 199 vti.
667 125 850 230 carpe
1099 137 1168 207 tes

100 316 218 405 senfin
239 364 243 369 -
263 311 407 387 Gesser—
425 317 566 385 Avarici
602 319 792 402 complures
827 316 900 393 dies
934 330 1160 389 commoratus

70 422 306 489 summamque
333 402 380 469 ibi
409 406 538 490 copiam
567 403 786 471 frumenti-et
807 406 930 493 reliqui
952 415 1201 476 commentust
1290 433 1293 439 ·

68 498 192 556 cactus
221 492 402 559 exercitum
434 513 473 557 ex
500 491 618 557 labere
643 502 744 579 atque
772 493 885 580 inopia
912 496 1041 563 refecit.
1083 496 1156 564 Iam

66 600 178 666 prope
198 577 308 643 hieme
332 578 493 659 conlecta,
515 581 685 666 cumipse
709 581 786 644 anni
809 587 958 667 tempere
979 582 1157 666 acl-geren·

66 666 158 731 dum·
176 663 302 731 bellum
332 674 510 732 vocaretur
538 674 572 732 et
602 667 646 731 ad
673 668 805 733 hostem
833 669 1002 752 proticisci
1030 674 1157 737 consti-

64 755 211 835 tuisset,
246 752 320 818 sive
349 774 423 817 eum
448 777 488 818 ex
515 753 694 841 paludibus
718 756 882 840 silvisque
905 757 1043 835 elicere,
1083 759 1154 827 sive

64 839 245 905 obsidione
254 860 418 927 ‘premere
440 851 568 928 posset,
589 843 694 926 legati
716 841 758 906 ad
780 863 854 908 eunt
875 845 1044 932 principes
1063 842 1153 911 Hae-

64 927 211 993 duorum
235 927 372 1012 veniunt
397 937 540 1005 eratum,
565 937 604 995 ut
627 930 767 995 maxime
789 932 977 996 necessarie
1002 940 1153 1018 tempere

64 1014 200 1080 civitati
222 1015 420 1082 subveniat:
446 1015 582 1081 Summo
604 1038 680 1082 esse
703 1018 738 1081 in
763 1019 912 1104 periculo
935 1040 1024 1098 rem,
1048 1018 1194 1104 qued,'3

62 1122 141 1167 cum
166 1100 295 1184 singuli
317 1103 536 1187 magistratus
559 1104 746 1190 antiquitus
769 1107 877 1170 creari
899 1113 1000 1190 atque
1024 1109 1149 1190 regiam

63 1196 269 1278 potestatem
290 1211 411 1255 annum
435 1191 588 1259 obtinere
611 1200 847 1270 consuessent,
883 1191 949 1256 due
974 1195 1151 1277 magistro·

60 1288 136 1343 tum
159 1282 296 1363 gerant,
329 1285 365 1343 et
386 1298 424 1345 se
446 1284 589 1366 uterque
611 1300 727 1345 eorum
749 1280 882 1365 legibus
905 1286 1054 1345 creatum
1075 1290 1150 1348 cs'se

130 1465 199 1531 cop.
215 1468 260 1518 32.
280 1459 309 1528 §.
328 1469 343 1518 1
362 1462 488 1534 Avarici]
506 1468 633 1520 Avarico
653 1471 764 1532 „Reum
781 1471 814 1517 A.
835 1465 917 1519 Voss.
932 1470 964 1520 A.
983 1473 1058 1534 Egrn.
1078 1475 1149 1524 Lev.

93 1534 320 1590 lucentiore&
339 1537 411 1587 uoti.
433 1539 496 1589 Per.
516 1543 549 1590 Α.
570 1540 617 1587 Dr.
637 1541 692 1589 AB.
712 1533 788 1588 Vrat.
810 1537 886 1588 due.
907 1539 986 1592 Geth.
1007 1544 1033 1589 Β.
1053 1543 1149 1593 Hamb.

95 1607 150 1664 tiu,
169 1606 251 1656 vind.
271 1606 302 1659 0.
320 1604 378 1665 (bic
397 1610 460 1667 pest
477 1608 639 1670 complures
659 1608 734 1664 dies)
759 1609 790 1655 F.
809 1610 869 1658 edd.
887 1612 951 1658 aitte
969 1609 1029 1659 Aid.
1049 1613 1149 1662 Libru-

93 1677 149 1727 riis
168 1674 280 1725 errandi
306 1675 477 1726 occasionem
501 1675 640 1739 sequentis
665 1676 794 1726 vocabuli
817 1676 921 1726 initium
947 1680 1015 1727 dare
1044 1682 1148 1740 potuit:

92 1745 204 1796 caesor
221 1745 250 1794 ie
267 1742 311 1794 bis
331 1744 481 1795 nominibus
500 1746 622 1795 ablativo
639 1745 692 1795 uisi
710 1744 766 1808 ita,
790 1754 820 1795 ct
838 1745 917 1794 simui
936 1756 1034 1798 metum
1053 1761 1071 1797 a
1088 1751 1149 1802 dece

93 1813 243 1880 respiciet,
260 1814 302 1863 uti
319 1826 372 1864 nen
391 1816 470 1864 solet.
504 1813 546 1866 Gi.
567 1815 635 1864 0ud.
671 1816 765 1875 Neque
784 1816 854 1874 apud
872 1813 1029 1865 Ciceronem
1046 1819 1100 1866 Ait.
1121 1818 1147 1884 5,

91 1884 130 1935 20
157 1884 185 1945 s.
208 1884 225 1931 ³
250 1883 322 1946 qued
350 1884 434 1946 vulgo
461 1883 577 1950 legitur,
607 1882 657 1948 qai
674 1882 827 1933 Antiochia
851 1884 1019 1950 terrebatur,
1051 1899 1148 1937 veteru
1189 1891 1195 1905 ⁴

92 1953 214 2003 videtur.

126 2031 241 2108 nouus]
270 2049 377 2099 nantas
402 2051 485 2111 doeg.
503 2050 537 2097 Α.
564 2049 603 2099 Pl.
639 2046 681 2100 Gi.
706 2050 768 2101 adn.
790 2061 830 2098 er.
851 2049 885 2100 ad
908 2061 933 2098 o.
955 2048 1069 2117 iisd,
1095 2065 1149 2115 quo

92 2119 297 2183 insumamus
314 2117 401 2180 magis
419 2121 505 2168 tutum
524 2120 577 2168 est.
611 2116 737 2182 ceterum
755 2120 864 2169 tientes
877 2131 981 2182 quoque
996 2132 1049 2171 neu
1064 2119 1148 2173 vitie-
1238 2138 1241 2146 ·

92 2201 158 2241 sum
175 2189 203 2237 ci
220 2189 251 2237 ut
268 2187 385 2252 quirites
404 2189 449 2238 vei
467 2190 546 2238 nitas
564 2189 667 2236 factum
683 2200 746 2238 esse
764 2189 862 2249 petest.

126 2284 242 2357 reinolt]
270 2284 368 2350 reficit
393 2288 474 2350 Beng.
494 2286 526 2336 A.
552 2289 599 2336 Dr.
619 2289 651 2336 Α.
678 2288 729 2337 01.
755 2287 826 2336 liar.
847 2289 879 2339 a.
904 2282 987 2339 vind.
1008 2287 1040 2336 A.
1062 2287 1146 2338 Detv.

93 2355 196 2406 Humi.
236 2350 268 2403 ld
293 2357 332 2404 rei
350 2367 483 2405 enemente
501 2366 528 2406 et
546 2357 679 2418 gravitati
697 2368 750 2405 nen
768 2355 865 2418 magis,
883 2368 961 2418 quum
980 2351 1148 2407 anteceden-

91 2426 161 2475 tium
178 2425 322 2473 verborum
340 2424 507 2500 amplitudini
524 2433 552 2474 et
565 2426 657 2475 latiori
671 2426 785 2474 sulticcti
800 2426 976 2487 descriptioni
989 2427 1148 2491 respondet.

90 2498 135 2545 Eu
154 2506 239 2555 vero,
271 2506 340 2555 quae
359 2497 525 2557 sequuntur,
551 2495 704 2545 uullocem
725 2495 767 2543 bis
785 2496 884 2554 copula
904 2494 1048 2542 cenitrncta
1066 2496 1146 2555 nessi
1224 2518 1233 2537 ι

87 2574 193 2614 novum
218 2570 300 2621 eaput
326 2565 476 2612 ordiuntur.
517 2564 613 2625 ltaque
634 2566 783 2626 prurientem
807 2562 834 2612 iu
858 2562 982 2627 pleribus
1006 2563 1146 2626 utriusque

88 2631 203 2698 generis
221 2630 358 2681 codicibus
374 2641 487 2693 exstans
507 2633 589 2680 tenui.
742 2640 746 2647 ·

125 2732 154 2791 S.
170 2714 201 2781 ff
220 2727 420 2794 eonstituisset]
450 2729 626 2781 instituisset
649 2731 731 2789 Beng.
750 2733 783 2780 Α.
802 2728 995 2780 constitueret
1014 2729 1093 2780 Vtut.
1111 2732 1145 2778 A.

89 2800 246 2852 coustituit
264 2800 347 2849 Dorv.
373 2799 432 2848 Pal.
452 2800 531 2851 Vrec.
552 2795 583 2848 C.
602 2800 681 2848 Geth.
701 2799 729 2849 u.
757 2799 884 2849 verbum
903 2812 920 2848 a
939 2800 1022 2861 Beng.
1042 2796 1145 2848 Aser-

87 2870 203 2923 bibitum
229 2869 304 2918 inire
327 2881 352 2917 e.
370 2869 405 2917 56
430 2866 457 2925 S.
476 2867 493 2916 5
513 2870 608 2917 eadem
626 2867 654 2916 in
674 2880 704 2916 re
725 2870 830 2918 certum
848 2870 936 2917 lecum
956 2871 1052 2917 irabet:
1084 2867 1144 2917 iter

87 2941 269 2991 insomnes
294 2935 550 3003 focereinstituit.
585 2935 603 2985 i.
622 2949 646 2985 e.
666 2937 711 2984 vel
729 2937 820 3000 coepit
836 2938 884 2984 vei
902 2936 1055 2998 apparavit.
1091 2938 1144 2985 sed

88 3013 115 3060 b.
143 3010 160 3059 l.
188 3006 294 3058 consilii
314 3005 387 3066 eapti
405 3006 636 3070 terminationem,
668 3019 748 3069 quum
766 3007 944 3057 constituere
963 3006 1074 3055 verbum
1094 3005 1144 3055 de·

86 3080 243 3142 monstret,
260 3074 391 3138 aptiorem
410 3085 472 3124 esse
492 3078 574 3138 patet.

50 3244 384 3313 imminutionesque
398 3246 487 3294 bicde
501 3244 578 3294 iliius
621 3259 689 3294 irtus.
726 3245 905 3296 ccrnrneretie
932 3250 1021 3298 eutem
1045 3258 1079 3294 ex
1099 3249 1142 3297 la-

51 3318 191 3380 temperis
225 3319 308 3366 rebus
340 3315 578 3378 Vercingetorigis
622 3317 701 3379 bete,
732 3315 810 3377 crepis
836 3316 965 3364 frumeuti
993 3329 1027 3364 ex
1051 3315 1144 3381 iuopia

52 3388 182 3442 narratio
199 3385 311 3451 diriter,
334 3385 426 3445 petius
445 3398 495 3446 pre
512 3398 578 3448 por-
620 3386 761 3437 reficiebat
779 3385 935 3433 exercitum.

49 3463 129 3512 iente
146 3457 299 3523 babendum
317 3456 370 3502 est.
674 3460 701 3514 s.
721 3457 737 3503 2
756 3453 907 3514 obsidione]
933 3455 966 3503 V.
984 3456 1045 3503 udor.
1064 3456 1100 3504 ad
1115 3450 1143 3522 4,

106 3528 176 3585 cup.
199 3527 242 3573 32.
269 3526 326 3586 §.1
358 3531 579 3572 commeretus-
622 3528 654 3575 19
672 3519 698 3586 ᾗ.
717 3523 743 3573 d.

52 3593 166 3661 reiecit]
182 3595 220 3642 De
235 3591 369 3656 participii
383 3592 579 3651 significatione
673 3593 811 3656 principes
830 3592 1015 3650 Haeduorum]
1040 3603 1094 3642 nee
1111 3605 1140 3643 e·

51 3668 90 3718 ci.
109 3667 146 3715 ud
165 3663 197 3726 5,
215 3663 233 3713 7
250 3661 278 3728 §.
298 3666 314 3710 3
332 3662 487 3721 adscripta3
510 3674 579 3723 quae
622 3677 709 3725 mites,
728 3665 775 3712 sed
794 3661 923 3723 uerrunlli,
942 3660 1015 3724 itque
1036 3661 1144 3722 private

51 3737 78 3787 si
96 3732 345 3797 procubuissent,
374 3732 455 3779 ctiam
475 3732 579 3781 nectus
623 3729 1145 3795 petiescettsiiie,nttampublicemissi.

52 3802 244 3868 perticipium,
276 3801 345 3861 ested
369 3813 418 3860 per
443 3812 474 3850 sc
494 3802 580 3851 solum
674 3804 702 3863 s.
725 3804 742 3848 3
765 3798 879 3865 singuli]
908 3799 952 3849 ct.
972 3800 1144 3852 admonitu

51 3874 161 3926 dubiem
177 3883 232 3921 uon
248 3877 323 3918 esset
337 3870 399 3930 quin
413 3869 492 3932 idem,
510 3869 579 3933 qued
623 3873 656 3936 1,
675 3872 708 3920 16
729 3874 755 3933 s.
774 3867 800 3921 t.

49 3945 206 4009 postquam
218 3941 323 3989 tructus
334 3942 387 4000 est,
403 3938 580 4002 significaret,
674 3936 779 4003 cerem]
791 3940 849 3991 ileo
864 3953 926 3992 euni
940 3940 1065 4004 uterque
1080 3951 1147 3989 sou-

51 4008 103 4085 uui
120 4014 227 4067 motor
246 4010 291 4065 cst
309 4007 485 4075 interpretari
498 4009 579 4061 dcbe=
623 4011 788 4061 struendum.
