2700 4726
323 264 328 271 '
367 222 485 374 vord.
509 281 602 389 vu.»
635 282 757 355 cnr.
780 286 825 352 oo
1075 282 1144 349 ooo

62 468 166 535 duces
184 467 437 555 producuntur.
489 469 747 556 Vercingetorix
769 469 922 550 deditur,
952 476 1044 535 arina
1066 488 1145 555 pro·

61 557 235 624 iiciuntur.
283 557 480 625 Reservatis
507 557 660 623 Haeduis
692 568 793 646 atque
814 560 1000 638 Arvernis,
1029 554 1059 621 si
1084 559 1188 641 perd

36 648 121 710 'eos
156 646 310 710 civitatee
349 667 548 732 recuperare
576 656 711 733 posset,
750 668 790 711 ex
826 647 969 732 reliquis
1001 645 1148 731 captivis

61 741 135 798 toto
158 734 322 798 exercitui
344 735 615 840 capita-singula
638 733 783 821 praedae
803 735 936 801 nomine
957 730 1146 797 distribuit.

60 824 118 889 90.
146 819 212 886 His
240 822 341 886 rebus
366 823 527 886 coniectis
550 824 583 886 in
607 819 767 888 Haeduos
792 821 1033 911 proficiscitur3
1062 818 1144 883 civi·

61 915 166 974 tatem
188 909 320 992 recipit.
366 909 415 975 Eo
437 910 542 992 legati
565 910 606 973 ab
621 912 790 976 Arvernis
814 911 909 976 missi
933 908 1143 994 666616166-
1166 909 1189 971 2

60 1005 172 1076 rarat,
194 1018 231 1060 se
253 997 402 1063 facturos
425 999 639 1083 pollicentur.
682 996 833 1083 imporat
857 1016 1010 1083 maguum
1032 1013 1146 1059 uume-

59 1104 134 1149 rum
163 1082 327 1152 obsidum.
375 1084 541 1170 Legiones
566 1086 600 1150 iu
623 1086 760 1161 hiberna
783 1087 907 1167 mittit3
937 1082 1144 1171 captivorum
1167 1087 1188 1149 8

128 1286 191 1348 85
215 1287 393 1355 recuperare]
418 1233 588 1372 reciperare
614 1292 697 1355 Bong.
723 1295 756 1342 A.
775 1291 817 1344 ΡΙ.
835 1297 879 1357 et,
905 1289 935 1340 ln
959 1299 1011 1352 666
1028 1300 1050 1337 u
1066 1295 1146 1338 6.·16.
1172 1260 1176 1269 “

93 1384 159 1422 666.Ι
171 1385 254 1436 super
270 1374 282 1423 i
296 1376 425 1436 scripturo
439 1382 499 1443 est,
522 1379 584 1427 Par.
599 1373 633 1426 A.
651 1378 784 1441 recipere
797 1377 866 1426 Dok.
882 1374 1008 1442 116666.
1023 1366 1104 1423 vino.
1114 1369 1146 1422 G·

94 1438 138 1490 Gi.
163 1443 225 1491 adu.
252 1456 292 1494 cr.
316 1446 351 1493 ad
369 1448 403 1508 3,
422 1447 441 1497 8
457 1447 518 1508 83
543 1449 731 1510 [recuperari
754 1448 836 1497 vind.
855 1448 880 1495 Δ
904 1448 951 1508 et,
979 1442 1025 1506 661
1050 1441 1147 1491 661666

93 1514 155 1561 0991
180 1514 255 1574 Elior,
279 1514 358 1565 Vrot.
382 1520 415 1564 Α.
439 1519 558 1580 possent
583 1517 706 1582 exbibet,
737 1516 815 1566 held.
841 1519 874 1568 ll.
898 1539 931 1552 -
954 1512 1049 1578 possit
1071 1511 1146 1561 eati.
1208 1508 1213 1519 ’
1239 1553 1269 1563 ,.

93 1580 177 1631 Voss.
195 1581 239 1639 C.)

128 1651 199 1708 loto]
219 1652 275 1702 toti
294 1653 375 1704 Vnst.
394 1655 424 1703 li.
842 1685 845 1689 ·

130 1716 275 1786 exercitui]
293 1723 429 1775 coercita
446 1723 496 1773 Ox.
517 1724 600 1774 Voss.
625 1720 655 1773 G.
675 1723 749 1774 Golt.
774 1723 842 1775 er.
862 1720 920 1772 Pet.
939 1719 1023 1771 couti.
1050 1718 1097 1771 Dr.
1114 1717 1145 1769 B.

34 1851 39 1857 .
95 1779 136 1834 lu.
157 1788 204 1836 tir.
224 1792 293 1840 Dae.
317 1790 359 1840 (il.
376 1793 444 1843 066.
461 1792 533 1840 'l'oto
556 1793 692 1842 coercita
716 1793 897 1854 scaligerex
921 1791 1094 1851 coniectura,
1116 1788 1147 1837 ot

95 1855 222 1920 videtur,
239 1872 341 1920 ponens
358 1863 429 1910 houd
447 1861 526 1910 dubie
544 1861 681 1911 ablativos
699 1874 762 1910 esse
781 1859 882 1924 voluit,
898 1861 968 1921 6666
985 1856 1097 1920 reliquis
1117 1854 1145 1905 in

96 1925 167 1975 locis
181 1925 328 1979 Gaesarem
346 1931 467 1979 dativum
482 1931 614 1980 adiectivi
631 1943 683 1980 non
700 1926 789 1979 miuus
826 1940 904 1992 quaro
915 1926 1064 1991 genitivum
1075 1924 1146 1988 legi-

96 1994 161 2044 time
178 1996 289 2045 flectere
314 1997 418 2050 videret
440 1999 512 2057 (toti
529 1998 636 2051 Gallice
655 2002 688 2062 1,
705 2001 741 2048 30
757 1997 784 2057 8.
797 1963 831 2060 b,
856 1997 901 2048 ubi
926 2009 996 2046 uuus
1015 1996 1096 2046 Viud.
1113 1994 1146 2044 F.

25 2123 29 2129 ,
80 2062 1145 2134 1616,617,668.1,66ῑοι.06.1.616.Δ.Ρ6ι-.Β.1166117166.

90 2136 130 2182 d.
149 2135 213 2183 totu
229 2132 340 2200 Gellio,
359 2136 599 2202 611611661163,
618 2140 650 2187 11
670 2135 696 2196 8.
714 2139 749 2199 7,
772 2135 817 2184 661
834 2136 914 2184 Victi.
933 2135 966 2186 ll.
984 2135 1048 2184 toto
1064 2130 1147 2197 oeno,

97 2203 181 2252 Vind.
198 2203 231 2250 li.
248 2205 303 2253 toti
321 2204 385 2255 belli
401 2206 525 2264 bahent.)
545 2209 573 2256 et
596 2206 746 2256 ablativum
772 2204 857 2271 idem,
882 2204 951 2266 6666
975 2213 1031 2267 per
1052 2201 1147 2252 totum

97 2272 262 2322 coercitum
285 2273 441 2336 significare
466 2279 610 2326 emineret.
652 2274 857 2334 oudendorplus
883 2285 948 2322 vero
971 2272 1000 2321 iu
1025 2273 1086 2321 adn.
1111 2270 1148 2320 ad

97 2353 122 2389 c.
142 2341 177 2390 66
195 2340 396 2404 scaligeranam
415 2342 594 2408 scripturam,
611 2342 671 2393 sive
689 2342 805 2394 ablativi
822 2343 883 2391 slve
898 2341 984 2391 666161
1002 2339 1072 2405 sint,
1087 2351 1149 2390 mu-

96 2409 150 2459 tari
167 2420 234 2471 opus
252 2423 315 2460 esse
332 2421 422 2475 negat,
457 2415 510 2463 sel
528 2417 638 2464 codices
656 2413 804 2465 ecereitui
827 2424 845 2462 6
862 2411 1003 2474 scaligero
1022 2419 1075 2459 uon
1098 2409 1150 2459 66-

97 2477 191 2527 buisse
215 2480 321 2539 lontani¹
338 2484 468 2546 probant,
499 2495 586 2546 66666
610 2491 704 2534 certae
725 2479 836 2533 dictioni
865 2479 1001 2542 praeferri
1023 2475 1151 2541 ambigua

98 2547 222 2596 debebat.
258 2542 301 2598 Gt.
319 2552 381 2600 666.
401 2564 440 2601 cr.
459 2553 495 2601 od
517 2563 543 2601 c.
562 2555 596 2603 29
613 2552 639 2612 8.
657 2556 684 2602 6.
719 2552 807 2614 Toto,
832 2562 911 2612 qoem
935 2550 1056 2598 66616666
1078 2545 1148 2598 066.

98 2617 243 2665 secuudum
262 2619 388 2668 auctores
406 2631 424 2667 6
443 2614 541 2671 Vossio
560 2624 600 2670 Dc
618 2622 691 2670 anal.
712 2625 747 2686 2,
768 2622 785 2668 3
804 2625 832 2668 et
847 2617 881 2684 l,
900 2622 918 2668 6
941 2617 1040 2667 citatos
1066 2615 1151 2667 otiolo

98 2685 169 2744 apud
187 2687 326 2735 Lucanum
344 2692 377 2750 2,
397 2688 450 2738 383
473 2691 552 2746 (tolo
568 2692 697 2756 penitam
714 2702 745 2741 se
762 2688 885 2739 eredere
900 2687 1020 2745 inundo)
1038 2683 1151 2750 probari

98 2766 180 2817 posse
198 2755 328 2819 putabat,
346 2767 399 2818 666
417 2759 477 2807 1666
494 2757 534 2807 lte
551 2759 794 2808 scribendumeese
805 2757 896 2806 docuit
908 2752 1035 2818 Cortice,
1054 2766 1150 2817 quem-

97 2836 149 2886 666
167 2825 238 2885 apud
255 2822 424 2885 Propertium
442 2830 475 2889 3,
495 2827 545 2888 11,
564 2826 599 2878 57
619 2828 697 2883 (toto
716 2840 788 2891 6666
804 2825 953 2890 praesidet
971 2823 1047 2881 oron
1066 2824 1149 2886 vulgo

50 2934 53 2938 ,
97 2904 191 2941 omnes
209 2892 338 2957 probant,
357 2896 410 2944 etsi
429 2897 514 2946 codex
532 2896 723 2957 staninganus
741 2895 798 2947 toti
816 2896 940 2958 exbibet,
958 2893 1063 2943 caesar
1078 2902 1150 2941 cue-

98 2961 187 3024 logiae
208 2973 294 3012 cauea
313 2963 396 3030 item,
417 2967 447 3015 ut
463 2965 520 3015 alia
537 2965 627 3014 miuus
645 2965 698 3016 iarn
715 2965 819 3015 usitata
836 2965 922 3013 semel
946 2972 995 3024 pro
1018 2960 1074 3013 toti
1097 2970 1149 3035 po}

98 3040 163 3080 uere
183 3031 276 3092 potuit.

133 3099 200 3162 cap.
216 3101 261 3149 9ο.
296 3097 324 3160 8.
344 3101 532 3171 3166616666]
548 3103 688 3171 lepionem
703 3102 781 3154 beiti.
803 3102 836 3151 Α.
855 3101 925 3152 liae.
944 3099 977 3152 A.
993 3096 1074 3152 vnn.
1093 3100 1126 3151 e.
1145 3126 1149 3131 -

131 3168 227 3228 mittit]
245 3169 323 3221 mitti
339 3169 421 3222 Vind.
440 3175 473 3222 A.

115 3337 328 3402 Vercingetorix
345 3342 464 3403 deditur]
482 3344 523 3393 lle
536 3345 588 3393 lac
631 3339 716 3406 rigent
736 3339 874 3404 producit,
899 3338 999 3392 Habes.
1033 3337 1165 3391 Ebrtem'

64 3406 199 3459 deditione
229 3411 310 3470 plura
338 3419 452 3462 narrant
477 3411 590 3463 916161·-
630 3415 745 3477 cirum,
776 3414 826 3463 vir
850 3409 1027 3477 fortissime,
1057 3407 1169 3460 uicisti·

63 3479 132 3529 clius
147 3476 228 3527 Caes.
246 3492 270 3532 6.
284 3482 329 3546 27,
347 3481 397 3529 llio
410 3475 527 3532 Cassius
541 3481 587 3546 lo,
619 3483 797 3542 (Petrarelo
817 3478 893 3531 Habe
912 3478 1000 3544 1666,
1023 3488 1063 3530 sc.
1082 3479 1153 3541 plic-

63 3544 117 3610 ll,
148 3544 248 3597 Florus
272 3552 304 3613 3,
329 3549 364 3598 16
388 3548 414 3609 8.
438 3553 472 3607 26
497 3560 525 3602 66
550 3563 586 3601 ex
629 3555 703 3604 ieras
728 3559 755 3599 et
776 3561 853 3600 arroa
870 3552 936 3599 ante
953 3546 1082 3598 caesaris
1100 3559 1153 3612 ge-

63 3617 147 3667 Floro
181 3618 330 3668 retrorona
355 3618 428 3669 llist.
457 3621 509 3686 18,
534 3619 585 3682 52;
629 3634 683 3672 nus
710 3618 849 3682 prolecta)
886 3617 1006 3668 moribus
1038 3616 1100 3667 eius
1133 3627 1153 3669 o

64 3696 177 3748 quorum
198 3687 265 3735 nihil
288 3692 450 3753 propterea,
474 3690 544 3752 quod
569 3701 587 3740 e
629 3693 750 3742 caesare
781 3687 928 3752 proproeltls
954 3683 1153 3739 6161616666-

64 3750 586 3810 (116666161666666616616666166666
628 3760 751 3810 veniunt.
1133 3764 1139 3772 '

63 3834 120 3874 uon
137 3823 190 3887 sit,
210 3837 258 3885 pro
270 3825 342 3875 telso
357 3834 385 3875 et
400 3827 465 3878 ticio
482 3831 587 3879 baben·
679 3828 707 3889 8.
724 3828 741 3880 5
758 3827 876 3889 praedae
889 3821 1008 3882 nomine]
1033 3823 1078 3874 Gi.
1090 3823 1153 3875 666.

64 3894 142 3958 duur,
171 3896 199 3942 et
224 3895 293 3955 6666
317 3897 388 3956 opud
413 3897 587 3951 Plutarchum
628 3898 662 3950 ad
680 3901 716 3962 3,
733 3899 751 3947 2
769 3896 796 3956 8.
815 3893 841 3946 5.

62 3963 177 4028 legitur,
203 3962 272 4013 satis
296 3965 444 4015 verisimile
465 3968 587 4020 videtur:
679 3967 746 4030 cap.
758 3968 803 4018 9ο.
829 3964 858 4026 8.
875 3967 892 4013 3
911 3963 1048 4029 Legiones
1066 3959 1093 4011 in
1110 3958 1153 4011 bi·
1199 3995 1203 4002 .

65 4042 135 4093 6666
161 4030 212 4084 Dio
241 4031 334 4096 labet,
363 4035 452 4084 minue
480 4048 529 4098 per
556 4051 587 4088 se
629 4038 715 4087 berna
732 4036 849 4097 mittit3]
867 4036 926 4087 lloc
943 4034 1003 4102 illl,
1019 4033 1089 4098 6666
1105 4042 1153 4080 se-

63 4099 228 4153 verisimilia
246 4110 324 4162 eunt3
347 4115 417 4166 6666
435 4117 501 4157 vero
519 4106 588 4157 lllo·
630 4107 721 4170 qullor
744 4107 778 4155 de
804 4105 941 4170 captivis,
970 4099 1153 4164 antepositum

61 4180 112 4220 rus
133 4171 221 4221 veroa
242 4170 387 4225 1661666666
404 4173 587 4242 vercingeto-
628 4187 683 4227 nou
701 4174 759 4229 elio
774 4176 808 4226 66
827 4173 1153 4237 cerasuntensium
