2700 4726
216 261 283 341 ite
485 272 557 341 ou
584 228 763 341 nunno
794 272 1048 345 unnntco

215 460 304 527 sidio
327 461 456 550 potitus
478 464 552 529 loeo
573 460 659 529 duas
678 463 726 529 ihi
741 461 891 549 legiones
905 465 1093 532 conlocavit
1108 463 1306 555 fossamque

215 547 383 636 duplicem
411 547 600 616 duodenum
630 549 752 638 pedum
776 573 793 614 a
819 551 1002 618 maioribus
1024 552 1150 619 castris
1173 552 1216 619 ati
1241 556 1306 619 mi-

213 657 297 701 nora
323 635 499 727 perduxit,
534 647 575 702 ut
601 645 678 703 tuto
703 639 744 703 ab
772 640 948 725 repentino
980 640 1130 706 hostium
1159 642 1302 709 incursu

213 725 315 791 etiam
338 725 463 805 singuli
484 747 670 792 commeare
691 733 844 811 possent.

298 815 357 881 37.
385 811 479 878 Dum
500 814 581 879 haec
603 811 646 879 ati
668 813 869 900 Gergoviam
894 819 1072 896 geruntur,
1095 810 1303 879 Convictoli-

212 899 301 966 tavis
322 897 499 980 Haeduus,
519 900 574 967 cui
599 902 833 987 magistratum
857 898 1087 966 adiudicatum
1108 922 1127 964 a
1149 899 1303 969 Caesare

212 985 536 1070 demonstravimus,
570 982 780 1055 sollicitatus
801 988 843 1053 ab
869 989 1038 1054 Arvernis
1057 989 1203 1077 pecunia
1224 1011 1302 1054 cum

211 1073 411 1161 quibusdam
422 1074 699 1180 adulescentibus
712 1076 936 1162 conloquitur,
959 1096 1102 1161 quocum
1117 1084 1194 1142 enat
1208 1077 1303 1163 prin·

210 1183 292 1252 ceps
318 1161 493 1230 Litavicns
525 1173 625 1251 atque
655 1167 729 1232 eius
760 1165 906 1244 fratres,
940 1163 1150 1251 amplissima
1170 1164 1303 1233 familia

279 1355 308 1418 s.
333 1352 548 1474 ¹illconlocarit]
576 1357 660 1407 Voss.
678 1357 711 1407 A.
737 1357 815 1423 Egra.
841 1357 918 1409 vrat.
937 1358 971 1408 A.
994 1351 1092 1422 (dung.
1113 1350 1162 1422 A.)
1185 1355 1251 1409 Par.
1267 1356 1303 1407 A.

244 1435 299 1475 nou
316 1435 348 1473 co
373 1459 379 1472 .

277 1490 343 1553 Can.
362 1495 407 1545 37.
426 1494 453 1556 S.
472 1496 487 1544 1
505 1492 687 1547 adiudicatum
704 1506 723 1547 a
740 1490 887 1551 thiemaro]¹
906 1492 1000 1545 atiud.
1018 1522 1053 1533 —
1070 1493 1151 1546 Vrat.
1173 1494 1206 1542 A.
1225 1488 1301 1553 etin

243 1560 321 1620 Eam.
339 1561 423 1615 Febr.
442 1563 461 1614 d
479 1576 563 1626 super
580 1565 744 1627 inscriptum
762 1573 814 1615 est.
837 1563 876 1614 ad
896 1562 1083 1615 iudicandum
1100 1587 1134 1599 -
1150 1561 1211 1621 Pul,
1229 1575 1251 1613 a
1269 1560 1299 1611 0.

169 1694 172 1701 ¹
242 1630 341 1682 adiuti.
361 1632 436 1684 fluv.
454 1635 487 1682 A.
505 1646 562 1683 sec.
581 1636 648 1687 Wir.
668 1649 687 1684 o
705 1631 735 1683 C.
755 1634 941 1699 castanetum
960 1633 1040 1684 vind.
1059 1628 1092 1683 A.
1114 1631 1302 1697 odeiffnotm

242 1714 262 1750 u
280 1698 311 1750 0.
336 1702 406 1753 And.
430 1701 481 1751 ΟΧ.
506 1700 555 1752 Co.
577 1706 604 1753 S.
624 1702 704 1756 [reid.
720 1706 754 1752 A.
772 1712 800 1753 et
817 1715 874 1752 sec.
894 1704 953 1752 iiio.
973 1702 1045 1753 flav.
1064 1701 1100 1751 A.
1134 1701 1169 1751 id
1186 1698 1302 1775 tiod'in

241 1768 416 1819 adnotatione
441 1770 524 1823 alteri
542 1779 678 1835 tamquam
695 1772 856 1833 giessemnti
873 1769 1164 1833 proclamantem
1182 1766 1299 1834 moenis,

241 1848 295 1888 neo
316 1837 382 1887 mihi
406 1832 513 1890 Cacsar
536 1839 576 1891 ita
599 1842 723 1892 scribere
748 1854 803 1893 non
822 1840 941 1901 potuisse
958 1839 1081 1901 videtui-3
1111 1840 1161 1889 sed
1179 1839 1299 1891 alterum

240 1909 353 1971 praeter
370 1906 479 1958 codices
497 1910 586 1973 magis
603 1911 773 1961 commendat
790 1908 873 1961 Hirtii
891 1922 959 1957 usus
976 1910 1054 1959 Alex.
1071 1908 1117 1973 dd,
1136 1906 1170 1961 5:
1196 1906 1228 1959 id
1243 1906 1298 1957 ito-

238 1973 314 2027 mtni
325 1976 508 2046 nobilissimo,
524 1978 679 2041 Lycomede·
690 1979 839 2044 Bithynia,
854 1978 1044 2031 adiudicaret.
1056 1983 1085 2025 et
1096 1978 1144 2043 78,
1156 1981 1189 2029 d:
1206 1976 1299 2029 cidara

239 2045 436 2097 tetrarchiam
458 2048 565 2114 toytius
588 2049 845 2115 Golioyroecoronc
868 2048 934 2099 iore
958 2047 1054 2113 aetatis
1070 2046 1100 2097 ei
1117 2045 1297 2111 uenationis

238 2114 429 2185 odiadtcooit.
454 2116 553 2179 quibus
571 2118 640 2170 iocis
656 2119 734 2169 nulia
754 2118 876 2169 codicum
893 2117 922 2167 iu
939 2107 1024 2166 verbo
1041 2114 1228 2176 discrepantia
1246 2124 1296 2165 est.

273 2183 511 2247 adulescentibus]
531 2188 634 2254 ‚,Boug.
653 2188 688 2237 A·
710 2188 793 2239 Voss.
810 2191 843 2238 A.
861 2187 913 2238 ox.
929 2186 958 2234 et
976 2182 1104 2246 semper“
1121 2185 1200 2248 tigni.
1216 2186 1296 2237 Vrat.

237 2254 272 2303 A·
298 2250 381 2306 Viud.
400 2252 430 2307 G.
456 2255 522 2306 Par.
541 2260 576 2307 A.
602 2264 630 2305 et
654 2269 716 2305 cum
740 2269 757 2305 o
781 2270 865 2319 super
885 2268 906 2304 o
930 2254 1013 2318 Boug.
1033 2255 1067 2303 A·
1087 2252 1128 2303 ΡΙ.
1148 2265 1204 2305 uou
1219 2254 1295 2309 odoi.

237 2338 376 2398 (acorem.
395 2340 441 2390 or.
461 2340 492 2392 u.
509 2341 606 2392 namu.
625 2328 777 2393 iaotoseat
795 2343 843 2391 or.
861 2342 911 2398 a.)

270 2403 454 2473 conloquitur]
471 2409 552 2459 Vrec.
566 2414 601 2460 A.
619 2412 720 2472 (Boug.
733 2409 783 2470 Α.)
802 2411 865 2461 Par.
884 2411 918 2459 A.
937 2420 993 2458 non
1010 2410 1075 2459 coli.
1092 2408 1179 2467 (coto.
1199 2407 1295 2458 uano.

268 2477 428 2536 Litavicco]
454 2479 558 2541 „MSS
584 2479 625 2527 iric
650 2481 678 2528 et
697 2480 770 2529 iufra
786 2480 928 2544 Litaviac,
949 2477 1144 2541 Lictuoiccom
1161 2476 1294 2527 Dictaei-

236 2547 313 2608 ctats,
332 2545 501 2598 Litaviccus
519 2548 599 2604 (Par.
619 2549 653 2598 A.
672 2556 700 2596 et
719 2561 801 2609 saepe
820 2550 892 2598 Har.
912 2546 977 2612 A),
1009 2547 1177 2598 Litavictus
1194 2544 1293 2612 (Boug.

236 2616 272 2665 A.
290 2617 319 2664 et
343 2618 384 2666 ed.
402 2629 445 2679 pr.
463 2615 629 2667 Petrarchae
651 2617 694 2677 17,
711 2615 765 2681 A),
785 2614 865 2667 etc.“
889 2616 1040 2667 natantem
1057 2619 1139 2669 Vrat.
1159 2617 1191 2665 B.
1208 2615 1293 2667 Iato-

235 2684 313 2735 nices
333 2685 380 2740 Dr.
398 2689 432 2735 A.
457 2684 621 2736 Littooicoe
640 2685 722 2735 vind.
741 2691 775 2736 A.
798 2687 978 2737 Littooiccus
996 2687 1074 2738 Vrat.
1094 2688 1128 2735 A.
1146 2687 1225 2748 Egm.
1242 2685 1294 2737 ut-

235 2751 365 2804 ctooiios
386 2756 446 2807 cod.
464 2756 537 2808 Petr.
571 2757 631 2806 Nou
645 2756 732 2817 magis
749 2756 777 2804 in
794 2757 968 2819 sequentibus
985 2754 1114 2805 tredecim
1130 2755 1212 2819 locis,
1230 2756 1291 2817 qui-

234 2823 288 2872 ims
305 2824 358 2875 hoo
373 2835 471 2875 nomeu
489 2826 590 2888 exstat,
608 2825 722 2886 vulgata
739 2823 799 2874 eius
811 2826 949 2885 scriptura
965 2824 1059 2886 optimi
1073 2824 1179 2875 codicis
1194 2826 1292 2876 aucto-

235 2892 318 2942 ritate
337 2892 440 2943 nititur.
475 2895 544 2943 Nam
563 2893 645 2943 etiam
661 2907 684 2945 c.
701 2892 738 2942 40
754 2891 780 2959 §.
796 2897 825 2959 7,
844 2895 889 2942 ubi
907 2895 974 2944 oud.
990 2895 1066 2943 MSS.
1084 2893 1214 2944 meliores
1231 2906 1292 2945 eam

235 2961 354 3012 retinere
380 2964 513 3025 testatur,
543 2963 628 3024 Bong.
650 2964 684 3011 A.
708 2962 750 3010 Pi.
776 2962 804 3012 in
823 2963 918 3014 ultima
935 2964 1016 3013 habet
1033 2964 1064 3013 ct
1082 2971 1111 3011 et
1128 2962 1246 3026 reliquis
1263 2964 1291 3014 in

220 3026 306 3098 ‚locis
327 3031 397 3080 idem
421 3033 466 3081 vei
483 3042 533 3096 cc,
564 3033 634 3096 quod
651 3044 675 3083 c.
694 3029 731 3081 Ao
749 3029 777 3090 S.
794 3035 810 3081 3
829 3035 890 3082 etti
910 3031 1059 3081 Pliischkio
1076 3043 1094 3082 a
1112 3031 1199 3090 crinio
1217 3032 1291 3083 scri-

234 3100 310 3163 ptum
327 3104 355 3150 et
374 3099 401 3148 iu
420 3101 451 3149 ct
467 3102 608 3161 mutatum,
626 3112 652 3152 c.
670 3103 704 3150 39
723 3099 750 3159 s.
768 3103 785 3150 3
801 3099 885 3167 etis,
904 3097 1019 3161 2et54,
1038 3102 1153 3164 let67,
1169 3102 1291 3153 iutrom

233 3181 268 3219 cc
284 3181 320 3218 an
333 3172 364 3220 ct
380 3171 467 3234 esset,
486 3169 618 3219 incertum
636 3168 786 3220 videbatur.
823 3170 974 3219 Praeterea
990 3168 1034 3232 38,
1051 3168 1109 3221 Aet
1124 3171 1142 3217 6
1155 3167 1186 3219 in
1200 3171 1292 3231 priore

234 3234 425 3299 partstat—
438 3239 553 3288 exhibet.
587 3238 752 3291 AtViud.A.
767 3238 797 3289 in
809 3241 860 3288 hac
874 3236 1151 3302 plerumqueLitt-,
1168 3248 1290 3293 extre-o

234 3309 324 3357 tamen
341 3310 401 3359 loco
421 3304 460 3374 (c.
477 3309 523 3369 67)
541 3307 590 3359 ott
603 3333 638 3345 -·
656 3308 759 3365 habeus
777 3308 994 3357 terminationem
1014 3309 1111 3370 ubique
1131 3310 1207 3357 tenet
1224 3311 1289 3360 vui-

233 3383 335 3438 gatam.
369 3376 520 3428 Litavicco
539 3378 562 3426 si
580 3389 597 3426 a
616 3375 737 3427 Caesare
756 3376 884 3438 scriptum
902 3377 970 3443 tuit,
988 3377 1119 3427 Romanis
1137 3377 1287 3429 tectoribus

232 3449 345 3507 propter
364 3446 493 3497 adiectivi
514 3444 643 3509 speciem,
664 3459 743 3508 quem
763 3446 999 3497 Convictolitavis
1019 3445 1135 3497 nominis
1153 3458 1220 3507 pars
1238 3458 1287 3511 po-

231 3514 334 3566 sterior
351 3516 517 3578 adiuvabat,¹
536 3516 684 3576 penultima
703 3515 797 3565 brevis
814 3515 903 3565 videri
920 3516 1028 3565 debuit:
1054 3516 1161 3578 longam
1182 3516 1286 3566 siesse

232 3584 331 3647 voluit,
350 3586 570 3648 quemadmodum
588 3584 798 3633 Baomstarkins
816 3585 937 3634 tortasse
953 3583 1093 3634 Lodooici
1110 3584 1227 3635 nominis
1247 3587 1287 3635 si-

231 3652 384 3703 militudine
407 3655 504 3704 ductus
529 3653 653 3716 putavit,
685 3651 845 3713 positionem
869 3653 972 3703 fecisse
989 3664 1017 3705 et
1033 3653 1199 3704 Litavictaa
1216 3656 1288 3707 scri·

230 3721 323 3782 osisse
347 3722 464 3773 videtur.
504 3725 654 3787 vulgatam
679 3721 730 3771 Dio
755 3721 870 3770 cassius
895 3723 1001 3774 iecora
1020 3723 1184 3784 Nipperdcio
1203 3724 1288 3777 citato

230 3787 276 3855 40,
294 3793 331 3842 37
346 3790 501 3854 expressit:
519 3785 722 3856 ἀπατησάντων
739 3785 809 3858 σφᾶς
827 3784 916 3842 ἄλλων
934 3808 964 3844 ce
982 3794 1030 3844 καὶ
1046 3790 1230 3845 Aaroooiaeoo.

264 3859 381 3921 matres]
406 3862 510 3927 frater
533 3861 615 3913 Viud.
634 3855 668 3914 A.

242 4026 607 4093 §.immensuratum
626 4028 717 4082 (it-ad
760 4030 878 4081 altitudo
908 4041 944 4079 an
975 4027 1094 4079 latitudo
1126 4028 1287 4096 significata

193 4093 222 4162 5,
240 4093 276 4147 42
289 4096 315 4159 s.
331 4099 513 4165 tonsorium,
529 4112 600 4164 quae
612 4100 638 4150 si
649 4112 718 4164 pro·
760 4101 815 4166 sit,
848 4097 986 4149 dubitavit
1008 4098 1171 4166 (duodenos
1198 4103 1287 4167 pedes

194 4167 286 4219 banda
301 4167 379 4236 snut,
399 4180 452 4223 nec
471 4169 624 4223 Pomonalis
640 4171 717 4223 reete
760 4183 812 4224 sco
841 4168 1008 4223 altitudinis
1038 4180 1090 4222 eea
1118 4169 1289 4225 mumma
