2700 4726
192 312 260 383 iso
453 307 524 375 DE
550 306 736 378 catto
767 306 1018 383 usitlco

192 482 313 564 coleris
342 498 502 564 victoriae
530 499 735 575 ethostium
759 464 894 586 fugaci
916 501 1129 590 superiorum
1150 510 1286 592 tempo-

191 608 265 651 rum
298 588 454 655 secundis
477 588 618 674 proeliis
639 587 725 653 nihil
750 588 835 656 adeo
853 588 1088 695 ardnnmflsihi
1110 612 1188 657 esso
1210 595 1284 658 exi-

222 745 291 809 tiqui
307 746 418 797 codices
434 742 484 809 (-
502 744 668 801 intercedat
685 749 765 800 Vrat.
782 749 819 809 c)
837 752 865 800 et
882 751 943 800 edd.
965 758 1029 801 ento
1049 749 1118 800 oud.
1154 748 1199 801 cl.
1218 751 1282 801 adu.

223 817 324 865 cred
343 818 376 880 6,
401 812 437 863 34
451 813 478 876 S.
498 819 531 882 2,
556 828 608 878 quo
627 819 687 867 loco
704 830 752 878 oro
770 820 862 870 nattes
878 820 995 886 obdito,
1026 821 1095 882 quod
1114 820 1283 871 auctoritate

139 924 146 933 .
221 884 306 944 Boou.
327 887 361 935 A.
381 885 463 934 voss.
481 882 512 932 Α.
533 887 604 937 flav.
625 884 655 936 Α.
675 887 777 955 nititur,
797 888 858 939 Par.
879 896 912 939 A.
930 891 1020 940 nattes
1038 888 1163 953 additae,
1181 890 1282 953 reliqui

222 956 308 1005 cottis
320 955 416 1005 additu
430 954 566 1003 exilient.
600 956 659 1005 Hoc
673 960 763 1007 tamen
776 959 835 1008 loco
850 959 945 1011 mirum
958 963 1002 1008 est
1015 960 1160 1009 nonnullos
1175 970 1282 1025 eorum,

222 1024 268 1088 qui
291 1026 381 1076 oottes
405 1023 571 1086 singularem
589 1037 653 1073 esse
672 1039 756 1090 posse
776 1028 924 1092 nescirent,
943 1029 996 1079 duo
1014 1029 1167 1090 voeabula,
1199 1038 1282 1090 quam

221 1107 303 1145 uuum
322 1093 462 1157 corrigere
480 1098 509 1151 et
525 1106 631 1159 rrrnqno
647 1095 674 1143 in
694 1109 814 1160 siraqnae
830 1103 911 1159 atque
930 1098 1127 1149 intercedebat
1140 1098 1168 1146 in
1181 1092 1281 1148 inter-

221 1164 368 1228 cedebant,
389 1175 467 1226 qoem
486 1165 575 1214 vatter
590 1166 617 1212 in
632 1164 716 1214 cottio·
728 1176 834 1216 murare
847 1167 987 1217 metuisse.
1022 1168 1115 1230 Neque
1131 1176 1199 1216 vero
1216 1168 1280 1229 piu·

220 1234 291 1286 ralis
317 1232 385 1284 lerri
411 1244 464 1281 non
486 1245 568 1294 posse
587 1234 704 1287 videtur.
741 1234 813 1283 lileri
833 1236 903 1285 enim
922 1236 1019 1299 potuit,
1038 1243 1068 1284 ut
1085 1247 1136 1299 quo
1155 1237 1279 1297 tenpore

220 1298 327 1356 caesar
351 1300 471 1363 receptui
497 1302 560 1351 canl
585 1303 684 1368 iussit,
716 1304 838 1366 reliquae
863 1304 983 1369 legiones
1002 1307 1106 1355 lrosteus
1124 1306 1279 1366 percuties

220 1377 256 1427 ad
281 1373 407 1437 oppidum
425 1373 573 1435 fugientem
593 1381 739 1434 sequentes
757 1372 879 1435 proximo
899 1386 916 1424 a
935 1375 1031 1440 trinis,
1049 1386 1118 1436 quae
1135 1376 1293 1441 ceperant·

218 1443 320 1495 castris
337 1442 407 1491 colle
425 1442 555 1502 superato
573 1441 626 1491 iam
643 1441 670 1490 lu
683 1445 770 1492 altero
783 1443 916 1505 tertioque
931 1452 1122 1509 versarentur,
1141 1447 1168 1493 et
1181 1444 1278 1505 plores

218 1515 293 1567 inter
319 1524 368 1562 eas
393 1511 422 1559 et
446 1511 576 1559 decimam
595 1510 728 1569 legionem
747 1512 792 1561 vei
813 1513 901 1572 notius
921 1525 981 1561 eum
1000 1513 1106 1575 locum,
1136 1523 1189 1576 quo
1209 1513 1278 1563 tuba

217 1584 344 1646 canebat,
362 1582 451 1629 valles
469 1580 680 1631 intercederent.
714 1582 767 1629 sed
787 1587 877 1630 tamen
895 1581 930 1630 ad
946 1583 1029 1631 tubae
1046 1594 1142 1632 sonum
1160 1582 1276 1632 interci-

215 1654 344 1716 piendum
362 1648 516 1699 sufficiebat
534 1660 603 1709 una,
624 1648 787 1711 praesertim
805 1650 878 1700 rutis
894 1662 1015 1713 nunqua,
1038 1663 1125 1713 neque
1142 1662 1213 1715 opus
1230 1652 1276 1702 est

215 1732 248 1773 ut
271 1723 364 1783 plures
389 1720 485 1768 lectori
509 1717 640 1767 locandas
664 1718 811 1767 tradidisse
836 1719 997 1779 scriptorem
1018 1721 1180 1787 credamus,
1211 1734 1274 1771 cum

216 1789 309 1855 optimi
326 1787 429 1838 codicis
447 1786 529 1837 lectio
545 1786 586 1835 ita
602 1791 761 1845 comparatu
779 1786 830 1852 sit,
854 1795 885 1836 ot
902 1789 1066 1852 reliquorum
1085 1790 1210 1841 varietas
1226 1790 1274 1842 tai-

215 1860 298 1913 cilius
315 1871 349 1907 ex
367 1867 410 1919 ee,
432 1868 510 1918 qoem
528 1855 638 1916 ipsoex
655 1858 704 1905 illa
722 1856 844 1907 derivari
860 1858 957 1919 possit.

250 1927 313 1990 §.3
339 1934 366 1976 et
387 1921 573 1990 superiorum]
597 1927 838 1989 superiorumque
863 1929 932 1978 And.
953 1926 1003 1977 Ox.
1022 1925 1070 1981 cn.
1093 1929 1123 1978 S.
1139 1926 1215 1979 held.
1233 1929 1271 1984 A.

213 2000 286 2052 Har.
304 1996 339 2045 A.
356 1994 439 2045 Vind.
458 2000 492 2047 A.
510 1996 572 2046 ald.
592 2008 648 2059 sqq.
665 1996 744 2046 etiam
764 1996 843 2061 oud,
863 1995 909 2059 qui
929 1996 1035 2055 Audiuo
1054 2000 1081 2048 et
1098 1997 1200 2049 ceteris
1219 1999 1271 2049 ad·

213 2074 281 2121 deus
300 2056 474 2115 Vr'siniunum
494 2065 527 2112 de
548 2066 698 2115 Petreiano
716 2066 855 2128 cogitasse
870 2066 989 2132 videtur,
1007 2079 1084 2129 quem
1099 2067 1180 2117 Fudr.
1197 2066 1271 2120 iuter

213 2151 272 2204 eos,
292 2135 339 2198 qni
356 2135 386 2185 et
403 2135 589 2200 superiorum
607 2137 739 2201 habeant,
757 2146 814 2185 non
832 2136 933 2201 relert,
951 2148 1039 2197 aeque
1056 2134 1142 2187 cono.
1159 2136 1270 2188 discre-

210 2219 278 2273 pare
306 2206 341 2254 ab
362 2204 433 2257 Aldo
457 2204 591 2267 ostendit3
620 2215 779 2265 quamquam
804 2203 831 2253 in
856 2207 906 2253 troc
931 2206 1012 2255 etiam
1033 2206 1066 2254 de
1086 2207 1172 2271 Bong.
1189 2200 1222 2256 C.
1239 2209 1270 2256 et

211 2280 270 2329 Pal.
289 2277 412 2339 tacetur,
431 2288 497 2337 qnos
516 2286 575 2321 cum
594 2274 666 2323 Aldo
685 2272 841 2323 consentire
859 2275 988 2323 credibile
1005 2286 1058 2325 noo
1078 2277 1131 2326 est.
1166 2276 1269 2326 Aldina

208 2347 292 2399 lectio
306 2355 391 2406 aeque
405 2342 553 2405 probabilis
566 2343 616 2390 est.
654 2342 695 2392 cf.
712 2344 740 2405 3,
760 2343 791 2389 11
807 2340 834 2401 S.
846 2343 880 2393 5:
901 2355 971 2407 quas
986 2340 1102 2411 (caves)
1115 2356 1155 2395 eu·
1168 2344 1268 2397 Picto-

208 2417 291 2469 uiuos
314 2415 344 2462 et
363 2410 499 2462 Santonis·
518 2411 697 2474 reliquisque
714 2412 830 2470 rideatis
847 2414 1011 2472 reqionilros
1027 2416 1184 2479 convenire
1202 2414 1268 2465 iuc-

208 2485 300 2538 serat.
320 2479 347 2540 5,
366 2480 400 2530 56
419 2480 444 2548 §.
460 2478 486 2528 4.
521 2478 582 2530 le.
596 2481 623 2541 ³,
645 2477 680 2528 10
693 2477 720 2537 S·
735 2478 768 2527 5:
786 2478 881 2526 risorie
896 2477 1031 2528 Curionis
1045 2482 1074 2531 et
1088 2481 1268 2534 detrimento

209 2549 346 2621 Africani
376 2550 524 2600 exercitus
557 2550 640 2596 terito
664 2546 841 2610 eruditumque
864 2547 1010 2600 deditione
1035 2548 1075 2601 od
1097 2548 1266 2613 Corcyram.

208 2620 333 2678 Alterius
349 2620 474 2678 exempla
493 2618 572 2677 ptura
588 2623 660 2664 sunt.

242 2693 311 2741 adeo
336 2691 449 2737 arduum
475 2684 526 2735 sihi
553 2697 617 2733 esse
641 2683 881 2745 existimaverunt]
911 2686 1127 2739 diedericum
1144 2690 1264 2744 estime-

208 2762 275 2813 iunt
293 2756 374 2807 Vind.
390 2757 423 2809 A.
442 2755 488 2806 ud.
506 2766 553 2807 or.
571 2752 625 2803 siti
641 2754 845 2807 existimabunt
861 2756 950 2818 iidem,
968 2768 1034 2819 qnos
1047 2757 1114 2810 Oud.
1128 2764 1263 2824 superio.

207 2840 331 2891 quinique
348 2827 476 2877 exiribere
495 2826 621 2885 ostendit,
641 2837 700 2873 cum
717 2827 787 2873 flav.
802 2828 834 2873 A.
851 2822 914 2875 Aio.
933 2839 991 2887 sqq.
1004 2830 1086 2889 atque
1103 2841 1166 2881 esee
1178 2833 1262 2882 etiam

207 2904 235 2953 in
261 2898 355 2947 Homo.
381 2900 409 2945 et
436 2894 516 2945 vind.
536 2896 557 2943 1.
581 2894 726 2955 omissum,
750 2893 779 2943 in
794 2895 876 2943 vind.
895 2896 918 2945 ii
937 2895 997 2946 eins
1015 2898 1075 2947 loco
1093 2896 1191 2951 iterum
1209 2901 1263 2951 eiii

206 2970 353 3030 scriptum,
383 2965 410 3015 ln
434 2966 518 3015 Voss.
536 2968 570 3014 A·
595 2964 676 3013 liolrr.
694 2963 745 3013 ciii
768 2976 829 3014 esse
846 2964 874 3014 in
891 2963 1016 3015 sntieese
1032 2975 1203 3035 corruptum,
1232 2970 1261 3023 lu

204 3036 286 3089 vind.
306 3031 350 3087 el.
375 3035 427 3085 siti
450 3037 514 3085 ante
533 3034 659 3084 ordonna
678 3035 803 3095 positum,
824 3033 851 3082 in
869 3036 949 3083 Vret.
968 3034 997 3085 G.
1016 3036 1112 3097 ilani.
1131 3038 1213 3089 vind.
1230 3041 1259 3091 c.

204 3110 277 3161 odeo
296 3105 436 3167 omissum,
456 3104 485 3153 in
504 3105 551 3153 Dr.
565 3104 595 3151 li.
614 3103 692 3154 Goth.
707 3104 738 3151 Β.
756 3104 837 3152 Vlnd.
852 3102 907 3155 Die
921 3103 973 3152 Gn.
992 3112 1020 3154 ei
1034 3106 1093 3154 edd.
1107 3109 1173 3157 anie
1184 3109 1259 3162 ven.

203 3182 225 3235 r,
248 3176 384 3227 adiectivo
407 3173 583 3235 postpositum
609 3176 660 3220 est.
697 3173 854 3223 certionem
877 3172 905 3221 in
928 3168 998 3223 Ven.
1017 3175 1038 3226 i.
1057 3184 1210 3228 exstantem
1230 3187 1260 3228 et

202 3250 238 3300 ab
257 3248 326 3297 Aldu
345 3247 473 3294 mutulam
497 3255 557 3290 cum
577 3241 691 3304 reliquis
714 3242 851 3291 codicillus
872 3246 961 3292 tuetur
979 3242 1038 3291 Pet.
1055 3256 1112 3295 seo.
1128 3245 1212 3298 Febr.
1229 3255 1259 3298 et

202 3316 287 3369 cono.
330 3315 359 3364 Si
384 3309 489 3362 Caesar
511 3312 551 3359 ita
576 3312 702 3373 scripsit,
729 3315 759 3359 ut
778 3311 984 3376 ediditAldns,
1014 3315 1146 3365 sotionem
1163 3317 1258 3367 habuit

201 3382 391 3438 antecedentis
416 3380 568 3443 imperfecti
592 3380 795 3433 retinebuntur
818 3384 845 3429 et
864 3382 984 3430 dativum
1003 3385 1108 3434 rettulit
1125 3386 1160 3436 ad
1178 3386 1256 3435 adie-
1307 3440 1313 3446 ,

201 3456 315 3513 utinum,
334 3465 366 3502 eo
387 3464 484 3505 sensu.
504 3463 580 3511 quem
601 3451 761 3500 Germanice
778 3450 879 3500 reddas
902 3448 934 3516 iic
960 3462 1043 3507 ttdttu
1061 3455 1103 3509 heq-
1120 3454 1256 3524 mainan&

201 3532 228 3581 ei
245 3522 302 3592 qebe
320 3521 398 3586 uiuite
417 3519 460 3587 tiu
477 3520 508 3584 ie
526 3519 551 3585 io
569 3519 700 3585 tumeres:
723 3519 767 3568 sin
785 3520 839 3582 ite,
857 3523 890 3585 ut²
905 3520 931 3568 in
952 3524 1053 3585 optimo
1070 3525 1165 3575 codice
1181 3525 1256 3577 scri-

199 3600 274 3655 ptum
292 3601 353 3653 esc,
377 3592 490 3639 duorum
510 3602 617 3651 rerum,
637 3602 705 3652 quos
724 3589 826 3638 milites
844 3588 910 3638 elatl
929 3590 1063 3658 iecerint,
1083 3596 1155 3644 hene
1172 3607 1255 3658 unam

100 3716 102 3723 ,
199 3662 305 3727 tuisse,
332 3660 454 3711 dativum
472 3669 561 3709 aurem
580 3656 667 3716 mauis
686 3659 720 3707 ad
739 3659 916 3723 infinitivum,
939 3673 1019 3721 quam
1037 3664 1254 3717 odediecllvum

198 3730 337 3793 pertinere
362 3728 494 3779 ostendier
524 3728 556 3796 fio
577 3727 694 3793 bodies,
727 3733 752 3781 ei
780 3726 835 3796 qete
859 3726 902 3794 itte
923 3727 955 3795 fic
980 3730 1059 3795 uiuite
1085 3732 1111 3799 io
1130 3732 1252 3799 iuuerit.

198 3798 344 3850 Vtrumvis
362 3798 432 3847 setis
451 3799 563 3860 bonum,
585 3800 632 3846 sed
652 3797 912 3861 interseruerim,
931 3810 1012 3862 quam
1029 3803 1117 3852 solum
1136 3802 1204 3869 siti,
1222 3808 1251 3856 et
1311 3833 1314 3837 -

198 3870 251 3919 hac
273 3869 303 3917 ln
328 3870 407 3928 parte
431 3868 513 3918 vind.
534 3864 568 3915 A.
591 3866 733 3927 utrumque
757 3871 884 3917 omittens
908 3869 1050 3928 praestaro
1068 3874 1170 3923 ceteris
1188 3873 1250 3925 elus

196 3937 309 4000 generis
328 3936 467 3987 codicillus
487 3937 603 3987 videtur.
637 3938 689 3985 sed
708 3939 829 3987 fortasse
848 3937 963 3998 scriptor
979 3939 1008 3989 in
1026 3942 1250 4002 liplreuendious

197 4004 243 4071 id,
267 4009 335 4068 quod
355 4006 442 4057 ceteri
460 4006 601 4068 exhibent,
625 4004 732 4065 posuit,
757 4008 851 4056 deinde
870 4005 1006 4059 infinitivo
1025 4012 1102 4062 auxii
1121 4018 1150 4060 et
1168 4012 1250 4066 simul

196 4078 311 4127 verbum
331 4077 433 4126 linitum
453 4074 645 4123 concinnitatis
665 4075 755 4137 gratie
773 4074 960 4136 amplificavit.
994 4079 1063 4129 Nam
1082 4083 1151 4145 quod
1170 4082 1249 4148 oud„

118 4140 121 4145 ’
196 4144 243 4211 qui
260 4145 387 4195 diuinum
405 4142 547 4194 lectionem
567 4144 667 4209 tenuit,
693 4146 903 4195 coistirnarnnt
919 4146 1092 4201 scribendum
1107 4153 1204 4218 putot,
1221 4153 1248 4204 id

195 4214 373 4271 uousuilicit
389 4214 425 4266 ed
445 4211 591 4265 varietatis
609 4214 745 4267 renonem
759 4215 932 4272 reddendum.
