2700 4726
108 275 177 345 aar
370 273 442 343 na
468 217 650 343 ¹narso
683 268 965 343 caturco

109 461 211 546 tione,
233 461 354 553 patruo
368 485 452 546 suo,
472 464 683 554 reliquisque
696 463 917 555 principibus,
936 461 998 562 qui
1016 461 1100 526 hanc
1117 463 1191 526 ten-

179 623 353 682 Prohibetur]
377 634 429 677 om.
451 616 525 673 lind.
555 625 605 674 ox.
628 625 687 674 Pet.
706 636 762 674 sec.
781 622 863 694 Febr.
884 629 912 671 et
930 621 997 674 oud.
1019 619 1088 682 (Pet.
1106 617 1193 668 conti.

142 708 198 746 non
221 707 302 743 secus
326 700 407 757 atque
432 695 515 755 Bong.
541 693 571 745 0.
595 701 623 743 et
648 693 706 745 Pal.
722 696 816 743 tenere
833 691 900 742 illud
918 688 1049 752 traditur)
1066 689 1127 737 Aid.
1147 686 1194 735 ab.

59 798 63 804 -
143 763 192 814 Gr.
211 776 237 819 e.
255 762 286 813 P.
304 766 377 812 blan.
397 763 474 813 'turn
488 761 565 825 Lips.
584 764 624 812 lu.
646 764 693 812 Gr.
713 763 784 812 Dav.
804 762 850 824 otri
867 762 1061 811 restituendum
1074 756 1193 815 putabat.

142 835 192 886 Dr.
217 833 246 885 11.
273 832 319 896 qui
336 831 527 894 probibertur
552 832 642 890 habet,
666 832 694 879 et
718 831 798 880 vind.
816 829 847 881 11.
869 831 969 890 addunt
989 829 1022 879 nb
1042 823 1193 890 Gerpobic,

146 905 233 964 Bong.
253 901 286 951 G.
309 903 370 951 Pal.
387 903 421 951 ab
440 900 596 967 Gorpobea,
614 900 675 947 lier-
694 898 728 948 et
745 897 897 965 Gorpobto,
914 899 1014 950 omisso
1031 897 1057 946 hi
1077 897 1196 958 quinque

142 973 179 1026 ab
205 970 428 1037 Gobannitione,
456 971 534 1021 cuius
557 973 618 1020 loco
642 967 719 1019 Leid.
744 970 775 1017 li.
797 969 862 1019 item
888 970 991 1017 addens
1015 982 1033 1016 o
1050 962 1196 1029 Gerpooiu

141 1043 225 1093 habet
255 1039 497 1107 Vercinpetorin,
520 1042 553 1089 li.
577 1048 645 1088 vero
670 1041 699 1103 et
722 1036 818 1100 ipseo
835 1037 981 1103 Gerpociu
998 1037 1100 1086 addens
1120 1034 1196 1081 tenet

140 1111 178 1164 ab
194 1108 388 1161 Gobnnitione.
423 1108 511 1171 Atque
531 1109 590 1173 hoc,
608 1105 723 1170 quadiu
735 1109 767 1157 ii.
783 1105 858 1155 Leid.
874 1106 903 1153 B.
922 1106 1050 1169 scriptum
1069 1104 1105 1152 rit
1121 1112 1195 1166 pro-

140 1181 260 1232 hibetur
277 1193 296 1230 n
313 1177 475 1242 Geryonis,
493 1177 560 1226 Oud.
579 1177 632 1226 sibi
650 1174 749 1225 indicio
768 1185 830 1224 esse
849 1178 991 1235 professus
1008 1178 1121 1225 alterum
1140 1169 1197 1219 eti-

140 1263 189 1301 arn
207 1249 319 1300 verbum
337 1246 509 1309 prohibetur
527 1257 589 1293 csse
606 1255 624 1293 a
642 1245 716 1294 maia
733 1255 826 1307 manu,
842 1245 908 1294 licet
926 1245 972 1293 vel
988 1243 1104 1294 maxime
1115 1242 1196 1303 lege-

125 1327 220 1378 ,retur
237 1319 266 1369 ln
283 1318 357 1366 MSS·
377 1314 509 1378 omnibus,
525 1313 680 1363 restitutum
699 1325 716 1361 a
734 1313 775 1364 cl.
793 1315 873 1363 eiecit
890 1315 987 1367 denuo.
1023 1308 1196 1375 8611116611-

141 1389 228 1447 betur
246 1402 266 1436 n
282 1383 426 1450 Gerpooin
444 1384 592 1432 addendum
611 1387 708 1445 putare
728 1384 835 1444 poterut
853 1397 945 1448 nemo,
971 1381 1016 1445 qul
1034 1381 1115 1442 paulo
1133 1385 1197 1441 post

141 1457 304 1519 expellitur
322 1466 360 1504 ear
379 1452 481 1516 oppido
494 1449 641 1519 Gerpooin
652 1452 784 1513 scriptum
799 1451 919 1502 videret:
944 1467 964 1503 n
982 1450 1125 1516 Gerpooic
1143 1461 1196 1497 au-

141 1527 270 1578 diendum
287 1522 444 1572 existimare
469 1528 496 1569 et
520 1522 548 1570 in
568 1523 690 1585 margine
713 1527 808 1571 notare
832 1529 940 1584 poterat
959 1521 1005 1585 qui
1020 1519 1196 1584 prohibetur

139 1598 231 1646 sulum
248 1605 296 1656 per
314 1603 345 1641 sc
363 1591 426 1654 quid
443 1588 627 1655 significaret,
651 1603 706 1640 non
723 1591 896 1654 intelligeret.
937 1593 996 1642 Nou
1014 1590 1102 1652 magis
1120 1585 1196 1649 credi

141 1671 234 1729 potest
258 1662 328 1725 quod
352 1659 509 1720 suspicatur
526 1660 698 1728 Herzogius,
720 1660 756 1710 ad
770 1660 885 1712 destitit
904 1661 1074 1724 adscriptum
1089 1655 1196 1722 probi-

141 1735 229 1785 betnr
246 1732 318 1780 mele
335 1733 386 1778 buc
405 1741 468 1776 esse
484 1731 610 1779 relatum.
644 1731 714 1780 Nam
733 1731 761 1779 et
778 1739 884 1794 tempus
901 1731 975 1781 aliud
993 1739 1052 1796 est,
1070 1729 1125 1778 nisi
1143 1727 1196 1777 de-

140 1803 233 1865 sistit,
252 1801 321 1861 quod
338 1797 487 1847 deteriores
507 1800 614 1863 babent,
632 1799 777 1863 genuinum
794 1811 884 1864 putas,
903 1808 931 1849 et
947 1799 1020 1849 notio
1037 1797 1102 1851 alia.
1138 1798 1199 1847 Ne-

141 1884 196 1934 que
219 1869 288 1920 iilud
313 1868 453 1930 probabile
470 1869 523 1930 est,
542 1870 613 1930 quod
631 1870 739 1932 plenam
756 1867 999 1932 interpunctionem
1015 1868 1043 1918 in
1060 1869 1145 1929 Βοῦς.
1162 1869 1198 1917 Α.

141 1942 185 1992 Pl.
212 1945 275 2002 post
298 1935 470 2003 probibetur
495 1936 612 1997 positam
631 1936 790 1998 respicienti
808 1938 835 1988 in
852 1948 969 1987 mentem
987 1938 1082 1987 venire
1101 1938 1198 2001 possit,

139 2011 277 2061 adiectum
297 2017 359 2056 esse
383 2006 418 2055 ed
444 2017 554 2056 sensum
571 2007 717 2057 verborum
733 2008 772 2056 od
789 2019 875 2058 armo
891 2009 1083 2059 concurritur
1101 2007 1197 2056 decla-

140 2082 276 2141 randum,
308 2076 354 2138 qni
377 2087 409 2125 re
430 2086 501 2124 vera
525 2075 551 2124 is
574 2076 634 2138 est,
666 2074 712 2138 qui
730 2076 866 2126 declarari
884 2076 924 2128 ita
941 2078 1069 2138 potuerit.
1101 2076 1197 2138 Neque

43 2168 45 2181 ·
141 2148 216 2201 enim
240 2146 340 2209 egebat
361 2142 410 2193 ille
433 2143 619 2195 declaratione
644 2156 730 2206 neque
755 2146 806 2194 tall
829 2145 969 2205 adscripta
986 2159 1039 2196 non
1056 2146 1199 2196 obscurior

140 2217 244 2284 potius,
261 2227 340 2277 quem
357 2212 460 2262 clarior
476 2213 570 2263 tiebat.
603 2211 705 2263 contra
723 2213 859 2262 omittendi
878 2225 965 2263 causa
979 2217 1047 2264 haec
1066 2227 1129 2263 esse
1146 2227 1198 2276 po-

141 2291 205 2351 tuit,
223 2286 293 2348 quod
311 2294 364 2332 non
381 2289 541 2347 appareret,
560 2294 677 2345 quanam
691 2293 724 2330 re
742 2281 879 2348 prohiberi
895 2282 1102 2348 Vercingetorix
1119 2282 1208 2342 dice-,

51 2412 54 2417 ,
142 2360 229 2409 retur.
271 2351 385 2402 Accedit
407 2351 478 2414 quod
501 2350 606 2402 caesar
630 2362 710 2416 „non
729 2353 798 2401 solet
816 2353 867 2401 hoc
884 2353 998 2402 verbum
1016 2357 1073 2403 tam
1090 2353 1200 2414 simpli-

142 2425 214 2476 citer
226 2432 326 2484 ponere
341 2420 401 2468 sine
416 2421 543 2471 adiuncta
557 2433 599 2483 re,
615 2433 670 2484 qua
683 2413 965 2487 quis'probibeatur“,
976 2426 1006 2473 ut
1020 2430 1093 2479 recte
1108 2432 1199 2474 monet

143 2493 214 2545 0ud.
232 2491 276 2541 cui
294 2501 363 2550 quos
380 2489 672 2550 Nipperdeius'obiicit
688 2490 763 2542 locos
779 2489 826 2552 (1,
846 2495 865 2541 6
883 2493 910 2564 §.
930 2495 954 2540 1.
973 2496 1009 2558 3,
1027 2496 1053 2542 6.
1079 2491 1107 2552 S·
1126 2497 1150 2542 3.
1170 2493 1199 2559 5,

143 2565 163 2614 9
181 2561 208 2622 s.
228 2566 253 2612 3.
272 2557 334 2609 Cir.
351 2561 383 2619 1,
408 2561 443 2608 66
459 2567 528 2612 extr.
541 2565 576 2624 3,
599 2562 634 2610 23
653 2568 723 2611 extr.
740 2557 791 2621 25,
809 2561 841 2618 2)
857 2561 887 2623 11,
906 2560 1017 2627 opinor,
1040 2571 1093 2611 uon
1112 2562 1199 2626 ignoti

142 2632 189 2683 1111
211 2632 304 2690 erant,
336 2628 386 2675 sed
410 2626 553 2690 quierem
578 2642 614 2678 ex
637 2631 745 2693 reliqua
766 2630 888 2682 oratione
914 2630 998 2682 facile
1016 2631 1198 2694 colligendam

142 2702 257 2763 habent,
277 2710 331 2748 non
349 2698 523 2758 comparendi
541 2699 706 2750 videbantur
723 2712 785 2748 oum
802 2703 867 2762 hoc,
885 2700 912 2750 in
930 2713 982 2763 quo
1000 2700 1025 2750 si
1042 2702 1197 2762 probibere

143 2768 186 2823 tta
203 2770 304 2819 dictum
321 2760 580 2834 intelpreeaoatur,
598 2771 629 2819 ut
647 2781 695 2818 nos
711 2768 825 2820 dicimus
846 2771 991 2840 berbinbtttt
1009 2776 1057 2824 aut
1074 2772 1199 2842 obicitur,

143 2853 201 2892 uon
226 2850 292 2889 sane
320 2836 477 2887 inveniebat
501 2851 519 2890 e
546 2850 599 2902 quo
623 2836 774 2902 prohibitus
797 2839 844 2888 illc
868 2853 886 2890 a
903 2851 999 2903 patruo
1018 2855 1067 2892 suo
1083 2846 1199 2907 reliquis

105 2966 108 2971 ¹
145 2922 199 2974 que
218 2906 386 2969 principibus
406 2909 489 2955 esset.
532 2908 636 2958 Verum
653 2911 744 2958 tamen
760 2908 914 2972 prohibere
930 2910 955 2959 is
968 2925 1073 2975 quoque
1086 2913 1197 2979 dicitur,

144 2979 194 3042 qui
219 2975 310 3024 verbis
335 2973 445 3034 impedit
465 2989 515 3025 scu
534 2981 621 3028 vetut.
657 2977 699 3027 Gt.
716 2977 780 3027 Liv.
798 2981 831 3043 3,
849 2981 884 3030 39
902 2981 929 3041 S.
948 2984 964 3029 2
983 2983 1198 3044 prohibentibus

145 3045 301 3101 minaciter
322 3043 513 3095 decemviris·
546 3045 604 3096 Cio.
627 3046 709 3096 Verr.
736 3046 760 3100 1.
783 3048 799 3096 2
826 3047 1199 3116 c.64(S.156)quicurn

144 3133 166 3172 a
180 3115 322 3180 praetore
340 3110 582 3181 prohiberentur,
611 3129 630 3166 n
647 3119 788 3180 quattuor
807 3119 1006 3181 quaestoribus
1022 3120 1199 3184 impediren-

146 3190 212 3253 tur,
229 3181 356 3234 connium
373 3183 466 3234 mines
484 3186 573 3249 utque
591 3186 686 3253 onznia
701 3185 834 3249 pertento
847 3197 923 3248 prae
939 3191 1033 3241 salute
1051 3203 1105 3241 sun
1120 3193 1200 3244 ieoin

147 3254 298 3308 duaertnt.
334 3252 369 3301 lit
382 3252 455 3304 inira
472 3267 496 3303 c.
515 3259 558 3315 33,
576 3258 594 3304 3
613 3253 718 3304 Caesar
734 3253 817 3304 simili
834 3256 954 3307 rationes
972 3271 1037 3308 cant
1049 3262 1125 3325 iopes
1139 3263 1198 3312 duo

107 3340 111 3345 ⁴
147 3339 187 3378 erc
203 3337 263 3374 unu
284 3321 397 3387 tamdia
413 3323 481 3373 cieo
499 3327 625 3389 utroque
642 3337 700 3373 non
716 3326 808 3373 solum
825 3326 1017 3390 manistratns
1034 3330 1135 3380 creari
1148 3345 1199 3382 oe-

147 3397 260 3457 terent,
277 3392 328 3442 sed
344 3392 433 3444 etiam
448 3393 479 3442 in
497 3397 601 3444 senatu
618 3406 679 3447 esse
691 3393 890 3456 prohiberent.
926 3397 971 3446 Sic
983 3397 1066 3462 igitur
1079 3401 1199 3451 Vercin-

148 3464 297 3526 getorigem
315 3465 429 3520 patruus
447 3471 475 3510 et
493 3463 630 3523 principes
647 3463 824 3524 prohibebunt
841 3467 936 3514 iacere
955 3467 997 3532 id,
1016 3470 1085 3530 quod
1105 3471 1201 3532 cupie-

148 3534 212 3582 bat:
229 3528 261 3596 stt
280 3539 366 3583 institi
384 3531 511 3599 btgtgtn,
535 3536 619 3587 recten
637 3543 712 3598 919111
729 3530 773 3597 ibn
791 3533 845 3600 tuf,
864 3533 960 3585 verbis
978 3538 1121 3588 consilium
1140 3540 1201 3589 eius

148 3600 335 3666 improbantes
352 3608 381 3652 et
398 3603 423 3652 si
440 3601 528 3654 minus
549 3613 669 3670 pareret,
687 3602 743 3652 rim
756 3603 879 3655 facturos
897 3617 927 3654 se
941 3608 1125 3680 ostendentes.
1159 3611 1201 3662 lto

165 3739 229 3800 §.2
252 3740 351 3802 patruo
371 3742 434 3800 suo]
454 3737 500 3804 qui
518 3739 600 3792 eiiam
620 3752 638 3793 a
680 3741 823 3808 fecerant.
867 3739 956 3794 Aliter
972 3743 1079 3796 Hirtius
1104 3745 1139 3810 8,
1164 3748 1200 3798 23

114 3813 204 3862 tratre
228 3809 339 3860 Celtillo
366 3810 535 3860 dissensisse
559 3819 586 3859 et
609 3810 638 3860 iu
679 3809 706 3870 s.
739 3811 769 3860 1:
803 3817 987 3865 concurrunt
1013 3815 1201 3878 reliquerunt

115 3879 255 3930 contraria
278 3877 397 3928 tectione
416 3881 523 3929 videtur
540 3880 637 3932 inisse.
680 3880 843 3932 ciuitatium
860 3883 959 3950 teperti,
977 3896 1049 3948 qnae
1064 3887 1201 3936 Bellove-

167 3945 226 4009 qui]
252 3947 293 3996 Eo
319 3946 479 3998 deliniuntur
503 3949 638 4009 principes
663 3948 781 4001 *eornm
806 3953 1028 4016 speculabuntur
1057 3957 1201 4005 eventum.

115 4017 233 4080 reliqui,
247 4022 277 4065 ut
294 4018 320 4078 3,
338 4018 374 4064 29
391 4015 419 4077 S.
436 4023 469 4069 3:
485 4017 516 4068 in
533 4019 639 4070 Anter—
679 4021 818 4083 inquibus
835 4022 964 4086 retiquae
976 4024 1100 4074 absolute
1112 4023 1202 4074 dictae

117 4085 161 4137 cis
182 4084 391 4150 neronisque,
421 4088 541 4150 reticete
567 4090 639 4140 item
680 4099 760 4157 suut,
791 4096 821 4143 nt
845 4092 882 4148 ib.
907 4107 932 4145 c.
953 4095 1005 4161 20,
1032 4098 1057 4146 2.
1075 4094 1116 4145 01.
1137 4095 1201 4145 adn.

117 4153 294 4265 debebitur,
307 4156 639 4226 quoeproctnebebun
680 4161 716 4213 ad
733 4160 760 4232 5,
780 4164 794 4214 t
813 4162 838 4225 s.
858 4162 881 4215 1.
