2700 4726
414 301 657 412 utnon.
700 274 899 377 unna
1134 300 1202 376 aot

111 489 251 561 tandem
274 487 530 579 1ιιιιιιιιιιιιιιιιιι
551 492 799 574 existimabant,
818 489 1004 579 ‘expellitur
1019 511 1059 559 ex
1074 491 1201 582 oppido

113 578 306 667 Gergouia:
327 601 393 646 nou
415 577 549 647 destitit
569 591 681 649 tamen
703 589 804 670 atquo
827 583 862 648 in
884 581 975 668 egris
995 582 1097 647 habet
1115 581 1200 648 dile·
1221 587 1243 651 8

146 770 220 822 enim
236 772 361 833 spectant
374 769 424 820 illa
436 771 476 822 od
488 783 574 823 armo
586 766 788 839 concurritur,
808 784 876 834 quae
888 785 965 824 arma
978 771 1202 826 aduersariorum

88 902 91 906 .
145 855 211 891 esse
244 840 332 888 rerba
363 840 483 890 coneilio
507 843 568 892 eins
591 844 705 907 coquito
729 845 921 892 demonstrant.
963 845 1051 904 Atque
1077 844 1200 893 oratioue

146 910 211 960 illos
234 921 301 958 usos
326 921 388 957 esse
414 910 583 972 significatur
600 914 792 972 quodammodo
809 912 902 960 vorbis
923 909 972 974 qui
988 911 1063 961 banc
1081 915 1201 962 tenton-

146 981 214 1032 dom
231 979 385 1044 fortunam
401 991 459 1026 non
476 981 689 1046 emistimabnnt,
709 981 778 1042 quod
791 986 979 1042 argumentum
990 980 1121 1031 orationis
1135 981 1201 1032 lilo-

145 1061 208 1101 rnm
224 1046 318 1096 tuerit.
344 1047 456 1113 Deinde,
471 1062 531 1098 cunr
549 1060 602 1099 non
613 1051 732 1115 pareret,
750 1048 778 1098 vi
791 1062 851 1098 eum
865 1062 899 1098 ex
911 1050 1008 1111 oppido
1022 1051 1182 1111 expulerunt
1187 1063 1201 1113 ;

145 1130 218 1181 quae
245 1116 306 1178 ipsa
329 1117 454 1177 gradatio
480 1116 696 1167 commodissima
720 1119 772 1166 est.
806 1118 895 1167 Etiam
913 1131 965 1168 ono
985 1120 1072 1182 magis
1091 1122 1201 1179 placere

146 1187 237 1248 debet,
255 1185 280 1233 si
295 1185 447 1247 praecessit
464 1185 635 1248 prohibetor
653 1199 713 1235 oum
731 1196 879 1246 personae,
904 1189 938 1236 ad
956 1197 1035 1249 qoam
1053 1201 1202 1248 pronomen

145 1257 303 1319 referatur,
331 1253 536 1315 significatione.
573 1256 623 1304 llis
646 1256 680 1304 de
700 1255 792 1305 causis
809 1254 1005 1304 restituendum
1020 1256 1088 1307 lllud
1103 1258 1156 1307 tuit
1172 1263 1202 1307 et
1234 1288 1237 1295 ·

144 1332 221 1376 recte
240 1324 393 1373 restitutum
412 1329 455 1372 est
473 1325 584 1385 aNipp.

181 1392 392 1452 Gobannitione]
418 1393 520 1458 „MSS
539 1395 619 1456 longe
639 1388 775 1452 plurimi“
801 1390 860 1440 Pet.
878 1390 962 1440 Voss.
980 1393 1013 1442 A.
1033 1394 1109 1450 Dent.
1131 1394 1202 1444 hou.

144 1464 232 1527 Dong.
249 1464 282 1512 A.
300 1462 365 1512 Par.
384 1463 417 1510 A.
433 1463 481 1511 Dr.
501 1465 534 1510 A.
552 1462 632 1511 Vrat.
648 1460 677 1510 c.
696 1461 776 1510 Goth.
796 1461 826 1509 D.
844 1459 926 1509 vind.
948 1461 979 1510 a.
994 1459 1204 1514 (internicione

145 1533 222 1583 Gott.
249 1529 435 1580 Gobannitico
454 1532 524 1580 And.
548 1529 736 1580 Gobannitino
765 1529 813 1580 Co.
841 1540 897 1576 soc.
924 1528 992 1580 Ouo.
1017 1527 1202 1595 (Gobonitino

146 1614 204 1652 sec.
222 1599 321 1660 Febr.)
341 1599 416 1649 Leto.
434 1603 468 1649 A.
486 1602 513 1649 S.
524 1602 596 1652 Hav.
615 1601 648 1650 A.
659 1599 840 1649 Gobutnitino
855 1597 936 1646 Viud.
949 1595 980 1652 A.
994 1596 1203 1653 Gobannitione

146 1668 228 1723 Vtut.
248 1670 303 1721 Ali.
322 1666 508 1719 Gobannitione
531 1668 649 1719 Parisiui
673 1681 729 1718 sec.
758 1666 900 1716 Acbaintr.
927 1666 1023 1717 llomb.
1050 1683 1111 1718 cont
1137 1671 1200 1722 edd.
1298 1676 1301 1681 '

144 1741 345 1804 praeteritet.
370 1740 502 1788 omnibus.
538 1737 728 1788 Gabonicione
751 1737 834 1786 vind.
861 1736 883 1785 1.
919 1734 1099 1788 Gabinitt‘one
1119 1739 1202 1790 Vlud.

146 1809 180 1859 c.
205 1809 301 1872 „Erat
318 1805 361 1855 ilii
378 1817 492 1875 patruus
518 1807 638 1856 Gobncio
664 1809 721 1866 (ed.
739 1820 781 1866 pr.
798 1803 961 1864 Gobocio)“
976 1807 1048 1855 Petr.
1067 1808 1138 1858 llist.
1157 1809 1202 1876 16,

145 1883 173 1928 o.
192 1871 243 1928 toi
266 1870 404 1943 πενθεροῦ
427 1871 511 1926 oiseii
526 1873 687 1927 Βανιτίινιι
710 1869 879 1937 πιλουμένου
897 1876 964 1922 Μιι.
991 1876 1031 1923 De
1054 1879 1113 1928 cod.
1137 1878 1201 1928 Uis.

145 1949 196 1998 Dr.
225 1947 253 1996 lt.
277 1944 357 1996 vind.
385 1947 418 1995 Il.
436 1947 520 2008 Dong.
546 1944 578 1994 G.
603 1945 663 1996 Pel.
690 1944 765 1993 Leid.
784 1943 813 1991 D.
830 1943 865 1993 lt.
886 1945 967 2006 atque
985 1944 1028 1995 erl.
1044 1946 1109 1996 Der·
1125 1948 1203 1997 relo-
1232 1966 1238 1983 ι

144 2019 202 2066 tutu
222 2013 310 2063 estin
328 2014 389 2066 edo.
409 2015 443 2062 ad
461 2027 488 2063 v.
504 2013 568 2079 »eins
585 2015 613 2061 et
630 2011 808 2074 prohibetur.
1183 2067 1186 2070 y

181 2081 351 2141 tentandam]
373 2083 505 2134 tentandi
517 2081 594 2131 Leid.
613 2083 653 2135 A.»
666 2089 693 2128 ιι
711 2091 728 2128 a
746 2093 781 2129 m.
801 2092 844 2142 pr.
863 2081 934 2132 Dok.
951 2093 1067 2132 cansam
1085 2083 1203 2134 tandem

145 2150 231 2204 Vind.
251 2154 284 2202 A.
302 2153 481 2202 temtandnm
498 2152 581 2202 vind.
601 2149 631 2200 G.
651 2147 847 2213 temptandam
865 2151 949 2200 Voss.
971 2149 1003 2199 A.
1022 2154 1098 2214 Egra.
1117 2151 1202 2203 Febr.

144 2222 231 2283 Bong.
255 2223 289 2271 Δ.
313 2220 356 2271 ΡΙ.
375 2221 454 2278 (Ριι.
470 2217 520 2283 Α.)
545 2220 593 2270 Dr.
610 2219 666 2270 AD.
692 2217 1056 2271 Vrat.Ali.lia1nb.Viud.
1074 2219 1104 2270 B.
1123 2222 1203 2287 Doro.

144 2303 171 2344 a.
193 2290 265 2340 ind.
283 2300 310 2338 a.
330 2289 401 2340 Ven.
418 2291 526 2340 bcdel..
1147 2290 1149 2297 '

182 2359 342 2420 expellitur]
363 2361 579 2423 concutiorque
596 2353 680 2409 Vasa.
700 2357 739 2406 St.
759 2356 808 2406 Gr.
829 2357 855 2406 b.
877 2357 993 2416 (Frell.)

181 2428 434 2491 Gergovia1Vind.
453 2431 487 2481 A.
506 2426 589 2492 (Gn.)
607 2427 637 2479 P.
656 2429 728 2481 Meu.
745 2426 820 2486 Lips.
840 2439 896 2489 sqq.
923 2424 1064 2493 Gerpobio
1084 2428 1200 2494 „none

145 2496 180 2549 A
202 2499 286 2548 voss.
311 2499 346 2547 A.
370 2499 439 2546 And.
459 2499 518 2546 Pet.
538 2498 574 2546 al.
593 2510 653 2547 cum
672 2497 739 2544 Edu.
757 2494 935 2556 quibusdam“
955 2499 1013 2545 Pet.
1031 2499 1113 2548 Febr.
1132 2511 1149 2548 a
1165 2513 1202 2550 ru.

145 2570 191 2629 pr.
205 2567 237 2630 (a
249 2580 284 2617 ru.
303 2581 326 2616 e.
343 2564 501 2633 Gergouia)
520 2566 583 2616 Par.
602 2568 636 2615 A.
655 2567 744 2614 Dr.A.
762 2566 842 2614 Vrat.
859 2564 938 2617 A'BG.
959 2567 1038 2615 Gotb.
1057 2569 1086 2616 D.
1104 2570 1203 2622 liemb.

146 2634 230 2688 Viod.
250 2637 280 2684 u.
298 2636 359 2686 Ald.
375 2647 402 2688 a.
421 2636 469 2685 Gi.
488 2634 532 2684 ab.
552 2636 592 2683 St.
610 2635 695 2682 Freil.
714 2634 792 2681 Turr.
809 2635 944 2699 peportia
963 2636 1007 2686 Dr.
1030 2638 1061 2686 D.
1080 2635 1203 2704 Gerteja

144 2706 232 2755 vind.
258 2703 289 2753 G·
315 2704 447 2768 Geipobiu
470 2705 529 2754 Pul.
555 2701 714 2765 Gerpotinn
733 2703 802 2751 Ven.
822 2701 1202 2773 i.GerponiaPutr.1tii·6.

147 2773 297 2840 Geryonis
321 2776 393 2824 Med.
419 2788 445 2825 a.
469 2776 539 2824 Ven.
566 2775 641 2822 bodo.
667 2773 803 2836 personis
820 2772 896 2821 Rom.
916 2784 942 2827 a.
962 2775 1114 2839 perpolitae
1139 2778 1204 2828 Ber.

144 2856 200 2896 otn.
219 2845 251 2892 lt.
271 2847 300 2893 ιι
317 2844 397 2894 vind.
417 2843 462 2892 ri.
481 2848 593 2905 quorum
610 2840 686 2903 prior
707 2842 956 2904 Vercinpontorioc,
975 2844 1108 2903 posterior
1127 2847 1204 2897 Ver·-

145 2911 288 2980 pentorirc
306 2910 366 2960 eius
382 2913 444 2963 loco
462 2911 545 2972 pontit.
578 2913 613 2960 Et
634 2910 878 2972 Veroinpentoric
897 2912 929 2962 od
945 2909 1086 2976 Gerpobie
1103 2916 1205 2966 addunt

148 2984 198 3031 Gr.
225 2982 251 3031 b.
277 2982 363 3031 Frell.
406 2981 501 3043 ltaque
519 2978 660 3045 Geryobiu
678 2980 847 3029 scribendum
867 2984 951 3044 esset,
967 2982 1021 3030 uisi
1038 2983 1067 3033 iu
1084 2995 1206 3047 sequeu-

146 3051 222 3101 tibus
247 3049 370 3100 undecim
393 3048 463 3100 locis
486 3050 578 3113 optimi
597 3049 704 3099 codices
724 3052 880 3098 cotsstaoter
896 3053 1021 3101 tenerent
1034 3056 1069 3114 ἰ,
1087 3060 1204 3116 excepto

148 3120 244 3170 ultimo
263 3132 288 3169 c.
307 3120 351 3182 59,
370 3121 396 3182 1,
414 3121 442 3169 iu
462 3131 514 3182 quo
532 3131 629 3169 rursus
647 3118 684 3167 ad
702 3117 716 3166 b
736 3119 902 3183 relabuntur,
922 3120 992 3182 quod
1010 3121 1039 3170 in
1057 3122 1204 3181 penultimo

148 3201 254 3252 quoque
275 3202 301 3238 c.
319 3186 364 3250 45,
382 3187 400 3239 d
417 3190 526 3240 exbibet
544 3189 627 3248 Dong.
644 3189 679 3238 A.
698 3187 747 3236 sed
763 3189 949 3250 superscripto
967 3201 996 3240 ιι.
1032 3190 1121 3240 Etiam
1140 3189 1203 3242 Civ'.

147 3262 177 3324 3,
197 3259 232 3308 73
249 3255 276 3316 S.
293 3259 311 3306 6
326 3257 390 3307 libri
408 3260 517 3306 tuentur
535 3255 716 3322 Gerpooinm.

183 3326 211 3387 s.
223 3329 240 3376 3
257 3326 362 3376 destitit
376 3324 478 3392 tamen]
495 3327 600 3394 ,‚Bong.
611 3327 646 3374 A.
658 3326 717 3374 Pet.
729 3324 779 3374 01.
790 3325 867 3388 ligur.
880 3327 965 3376 Voss.
978 3321 1012 3376 A.
1023 3323 1102 3377 Gerr.
1119 3324 1146 3388 5,
1165 3326 1204 3379 ui.

148 3396 203 3447 ino.
230 3393 329 3446 literr‘
364 3395 429 3451 Par.
449 3398 483 3446 A.
504 3396 581 3447 Gott.
599 3396 659 3445 cod.
677 3394 754 3444 Τιιι.
772 3395 819 3444 Dr.
838 3396 872 3442 A.
892 3396 973 3445 Vrat.
992 3394 1048 3445 AD.
1067 3394 1149 3445 vind.
1167 3398 1204 3446 A.

148 3565 220 3616 haue
232 3563 388 3615 tentandum
401 3564 549 3625 fortunam]
563 3565 638 3624 Quae
682 3562 768 3612 teudo
782 3564 810 3612 et
817 3563 891 3614 bane
902 3564 1057 3628 fortunam
1064 3575 1115 3626 pro
1122 3563 1205 3614 huius
1280 3611 1286 3619 .

111 3633 202 3696 olibi,
225 3634 419 3684 contentari
438 3632 639 3695 dicitur,si1n-
682 3630 722 3680 rei
740 3632 863 3697 tortsma,
891 3635 920 3680 ut
938 3633 969 3698 b,
998 3633 1031 3680 19
1048 3631 1074 3692 s.
1093 3636 1110 3684 2
1127 3633 1204 3685 buno

110 3703 228 3769 pliciter
245 3704 371 3768 fortuna
389 3701 475 3765 audit,
492 3705 520 3751 ut
538 3706 563 3763 3,
581 3700 640 3762 6§.
681 3703 789 3751 anetum
813 3709 841 3750 et
864 3701 930 3750 alibi
955 3700 1069 3767 similis,
1099 3701 1204 3754 dixisse

111 3769 143 3824 t.
160 3772 189 3834 5,
206 3769 240 3822 35
259 3772 286 3833 s.
305 3775 332 3821 ².
350 3773 426 3822 intra
442 3783 467 3820 o.
483 3769 526 3834 oa,
544 3773 571 3833 2,
589 3782 639 3831 ge·
683 3771 802 3832 scriptor
833 3771 950 3820 videtur.
991 3771 1047 3820 Res
1078 3771 1138 3834 ipsu
1168 3783 1205 3822 eo
1268 3804 1272 3811 ·

112 3841 206 3894 nitivo
235 3850 326 3890 autent
359 3839 450 3890 addito
477 3839 639 3888 certioribus
682 3842 740 3902 est,
772 3852 850 3902 quarn
876 3838 1085 3902 Vercingetorix
1105 3840 1204 3891 molie-

111 3910 217 3962 tluibus
236 3909 484 3973 circumscribitur,
504 3916 532 3956 ut
550 3908 576 3970 1,
594 3911 639 3975 36,
683 3910 779 3971 batur,
803 3909 919 3958 defectio
937 3918 965 3959 et
985 3911 1084 3960 bellurn
1099 3913 1203 3962 adver·

111 3980 143 4042 ᾗ.
159 3977 223 4029 3“ἰιι
240 3979 334 4028 verbis
349 3979 481 4043 qnoniam
496 3976 559 4028 beili
573 3979 640 4042 fot·-
682 3991 730 4027 sus
748 3979 884 4030 Romanos
901 3980 1055 4043 gerendum.

110 4051 219 4100 tonant
234 4050 413 4111 tentassent,
431 4060 464 4097 ea
480 4049 506 4096 lt.
528 4047 547 4099 1.
561 4046 640 4108 quasi
734 4047 762 4106 S.
775 4050 792 4096 3
806 4061 859 4099 non
876 4048 981 4099 destitit
995 4050 1086 4100 temen
1100 4056 1202 4109 atque-

111 4118 152 4169 ad
177 4129 258 4167 unam
287 4129 344 4166 rem
369 4117 506 4165 destinata
529 4115 639 4178 eiusque
682 4116 776 4175 habet]
796 4119 881 4168 Simili
898 4119 975 4170 modo
993 4126 1055 4178 post
1067 4116 1203 4183 praeteri-

112 4185 161 4238 ret
181 4186 352 4241 moderatrix
374 4197 409 4237 eo
430 4185 541 4239 domiuo
558 4183 637 4250 cogi·
681 4187 737 4238 tum
761 4199 895 4250 praeseus
921 4185 1023 4254 legitur
1046 4199 1073 4243 ι.
1093 4187 1144 4252 ιι,
1168 4187 1201 4237 t:
1230 4232 1244 4249 ,,
