2700 4726
209 294 276 365 aaa
419 318 422 324 -
470 289 542 358 uu
572 289 750 359 cuuto
783 289 1034 367 caturco
1159 242 1230 406 ‘3'

189 477 310 545 laude
340 478 526 566 periculum
553 487 729 562 recusent,
764 502 914 547 summae
938 478 1193 569 aciniquitatie
1216 500 1297 547 eon·
1322 500 1325 505 ’

209 568 362 634 damnari
390 566 530 646 debere,
566 567 633 633 uisi
660 590 775 635 eorum
805 571 909 637 vitam
941 591 1002 635 eua
1019 569 1144 633 'salute
1172 568 1298 635 habeat

167 657 382 725 6eariorcm.
429 653 488 721 Sic
516 653 643 721 milites
670 659 865 729 consolatus
887 655 1004 723 eodem
1027 655 1082 721 iio
1103 654 1239 722 reducit
1260 657 1298 722 in

208 753 321 809 castra
343 741 554 827 reliquaque,
576 764 662 828 qnae
686 741 728 808 ad
752 744 1033 832 oppugnationem
1055 744 1172 831 oppidi
1188 744 1298 831 pcrti-

208 830 344 910 uebant,
368 827 607 896 administrare
629 831 793 900 instituit.
834 834 891 903 20.
920 829 1197 918 Vercingetorix,
1219 853 1296 899 cun

241 1040 339 1090 flami).
364 1034 668 1089 aciutaret-recusent
692 1035 776 1086 Voss.
796 1034 852 1089 Ac.
879 1038 938 1092 Pet.
955 1039 1030 1089 Gatt.
1049 1038 1126 1103 Eget.
1145 1036 1224 1088 Leici.
1241 1035 1296 1093 Bc.

240 1111 290 1159 Dr.
308 1110 347 1159 A.
367 1108 448 1157 Vrat.
467 1107 521 1155 AB.
550 1107 602 1158 Gn.
626 1106 680 1156 inc.
700 1109 1063 1170 etscc.lieyerliurn1’ar.
1083 1112 1116 1158 ll.
1134 1107 1296 1160 uideret-

239 1178 414 1230 recusarent
433 1177 515 1237 Boag.
533 1179 565 1224 li.
591 1186 647 1224 sec.
666 1176 733 1225 ooo.
751 1175 1105 1229 uideret—recusassent
1122 1178 1192 1228 hav.
1210 1177 1296 1228 aide·

240 1246 512 1298 ret-recusarent
539 1242 652 1310 (reliqui
676 1246 757 1302 ouri.)
781 1246 826 1294 Dr.
851 1247 881 1295 ii.
906 1249 986 1298 Vtut.
1010 1247 1041 1298 G.
1067 1247 1146 1296 Goth.
1165 1247 1195 1294 li.
1211 1246 1296 1300 viuri.

240 1318 296 1368 01).
314 1317 373 1365 aaa.
392 1323 455 1364 ante
473 1314 541 1363 oui.
558 1314 710 1363 secundnm
728 1314 836 1363 codices
861 1314 967 1366 caesar
990 1314 1296 1367 uiueret-recusent

241 1385 389 1446 scripsisse
402 1383 563 1431 indicandus
581 1391 632 1445 est,
652 1384 869 1443 quemadmodum
889 1385 1140 1447 ediditDiibncrus3
1159 1387 1209 1434 lroc
1222 1384 1295 1433 enirn

238 1456 328 1518 posito
346 1451 428 1501 facile
445 1464 547 1500 ornnem
565 1451 716 1512 scripturae
735 1452 897 1503 varietatem
912 1452 1087 1515 explicueris.
1122 1455 1179 1504 Nee
1194 1453 1296 1503 desunt

239 1522 421 1586 negligentiae
440 1521 468 1568 in
485 1523 634 1579 temporum
652 1520 842 1579 consecatione
855 1523 989 1573 admissae
1004 1523 1137 1585 exempla.
1173 1523 1216 1572 ci.
1227 1523 1293 1571 adu.

240 1607 280 1643 cr.
296 1593 331 1642 ad
350 1589 377 1653 5,
396 1588 429 1639 58
448 1589 475 1648 S.
494 1588 510 1636 t
530 1597 556 1636 ct
575 1600 644 1650 quoe
659 1591 695 1638 ad
716 1588 793 1639 huius
812 1591 876 1640 libri
893 1606 918 1641 c.
934 1593 969 1645 17
990 1591 1047 1651 §.3
1065 1591 1205 1653 adscripta
1220 1594 1294 1640 eunt.

239 1663 293 1712 Sati
320 1671 353 1710 ea
369 1662 460 1708 tatneu
478 1657 578 1719 aliquid
595 1656 781 1707 excusationis
800 1661 899 1709 habere
918 1663 1022 1726 solent,
1046 1674 1115 1722 quac
1134 1662 1161 1709 Ιι.
1177 1661 1197 1711 l.
1214 1661 1294 1710 uuile

240 1731 358 1779 videtur.
395 1728 490 1788 ltaque
511 1729 560 1776 ant
577 1727 694 1777 uideret
718 1736 765 1777 aut
784 1731 921 1781 recusent
940 1729 968 1778 iu
988 1730 1053 1795 ilia,
1078 1741 1157 1792 quarn
1178 1729 1292 1779 codices

240 1798 443 1859 commendant,
474 1797 612 1856 scriptura
637 1795 735 1847 mutari
758 1797 849 1847 debet.
888 1799 988 1848 Videat
1011 1801 1102 1850 autent
1127 1798 1239 1848 facilius
1257 1809 1293 1847 cx

239 1869 370 1932 uideret,
401 1878 479 1926 atram
497 1867 672 1917 recusarent
696 1877 731 1914 ex
748 1859 886 1919 recas'eat
903 1867 964 1916 lieri
983 1872 1091 1932 potest,
1117 1872 1145 1917 et
1161 1867 1294 1917 maiorem

240 1939 308 1988 illuri
333 1949 351 1986 a
375 1934 514 1985 codicibus
539 1934 796 1985 commentationem
823 1938 913 1989 halet.
948 1937 999 1984 flia
1016 1940 1050 1988 cle
1068 1938 1161 1987 causis
1179 1937 1293 1987 (iudeu-

239 2007 360 2068 dcrpium
379 2006 491 2053 secutos
510 2017 578 2067 som,
596 2004 673 2054 cuius
690 2002 816 2053 iudicium
829 2006 910 2056 etiam
925 2005 1104 2066 Nipperdelus
1118 2004 1292 2065 approbavit.

272 2071 423 2137 cariorem]
441 2073 591 2124 rariorem
608 2073 659 2122 01.
678 2072 759 2122 char.
778 2076 850 2126 ch.
868 2077 889 2125 i.
907 2075 955 2132 ur,
974 2075 1018 2123 ab.
1038 2076 1123 2126 i'reli.
1138 2074 1219 2125 Turr.
1235 2073 1296 2137 0oe

209 2151 212 2156 '
239 2145 359 2198 maimo
375 2141 406 2207 5,
425 2145 459 2193 3³
478 2143 504 2203 s.
522 2145 539 2192 6
555 2148 583 2192 ct
601 2142 783 2191 carissimum
800 2143 862 2196 civ.
881 2147 914 2208 2,
932 2141 1010 2202 ³2¹8.
1030 2145 1047 2194 2
1065 2145 1094 2193 et
1108 2142 1293 2195 carusium·

240 2228 294 2282 que
320 2214 381 2262 Air.
401 2214 455 2274 ct,
489 2214 506 2260 2
531 2210 558 2260 in
583 2211 743 2273 quibusdam
762 2210 816 2274 cit,
834 2212 1002 2274 unusquam
1020 2214 1126 2276 labent,
1144 2215 1195 2264 sul
1213 2210 1293 2265 Atax.

236 2288 289 2346 60,
318 2285 333 2332 1
353 2282 382 2330 in
402 2280 464 2330 Par.
484 2280 514 2327 ii.
534 2278 666 2343 scriptum
685 2288 732 2329 eet
746 2281 985 2345 karisstmaeque.
1025 2283 1116 2333 Etiam
1133 2283 1293 2334 oblitterato

237 2355 257 2403 ic
280 2350 391 2401 litterae
417 2362 469 2397 usu
493 2348 581 2397 icisse
609 2348 654 2410 qui
674 2348 827 2401 karissime
846 2350 872 2401 in
891 2350 1017 2412 epistolis
1034 2351 1240 2403 subscribennt
1256 2364 1293 2402 ex

238 2420 319 2472 Velia
336 2421 430 2480 Longo
447 2419 529 2466 docet.
546 2417 728 2466 Schneiderus
745 2418 867 2469 Gramm.
885 2423 912 2483 1,
930 2422 990 2469 293.
1026 2421 1081 2469 lilii
1095 2421 1169 2471 ictus
1184 2422 1295 2471 scribe·

237 2491 305 2538 bant
320 2492 391 2537 teste
407 2486 570 2534 Terentiano
584 2487 687 2535 Sceu'ro
705 2487 740 2536 ab
758 2489 852 2538 eodem
870 2487 967 2538 ibidem
986 2487 1080 2555 citato,
1100 2498 1128 2539 et
1145 2491 1173 2539 iu
1190 2489 1292 2542 inscri-

237 2556 374 2622 ptionibus
399 2556 474 2604 itura
499 2556 609 2604 notatur
630 2554 696 2606 KR.
722 2558 755 2606 tle
777 2570 830 2621 quo
854 2556 924 2607 dixit
947 2557 1087 2608 Gesnerue
1112 2558 1141 2609 iu
1159 2561 1249 2610 These
1313 2594 1316 2599 -

235 2634 313 2690 parte
332 2625 452 2675 &aalide
470 2631 601 2673 extrema.
661 2644 665 2651 ·
1234 2640 1243 2655 ’-

271 2694 297 2755 s.
317 2698 335 2743 θ
359 2692 530 2753 consolatus]
557 2694 720 2743 consolatos
738 2694 820 2758 Boug.
841 2695 875 2746 A.
893 2687 974 2746 Voss.
993 2697 1025 2746 Α.
1044 2697 1104 2746 Pet.
1122 2696 1193 2747 ιον.
1212 2696 1292 2761 Eget.

237 2765 274 2830 „5
294 2760 340 2814 al“
359 2763 425 2813 hiri.
447 2763 531 2823 cong.
548 2761 580 2812 (i.
598 2762 657 2814 Pel.
679 2762 744 2814 Par.
760 2766 795 2814 A.
816 2764 862 2813 Dr.
882 2764 937 2816 AB.
961 2765 1041 2815 Vrec.
1062 2764 1140 2818 alic.
1160 2766 1241 2829 Geth.
1259 2766 1291 2817 Ι.

232 2834 330 2885 nanc.
351 2831 404 2881 inc.
439 2826 483 2881 Ite
498 2831 621 2882 Iustinus
637 2832 682 2895 22,
699 2832 755 2893 ⁶8·
772 2830 792 2882 l
807 2833 850 2882 sic
865 2833 1021 2884 consolatio
1034 2834 1179 2888 militituc.
1214 2833 1290 2887 Gee-

235 2916 325 2953 sarem
345 2912 411 2951 vera
430 2914 485 2952 nou
502 2898 542 2950 ita
559 2902 649 2950 solere
664 2909 740 2951 reete
760 2901 826 2951 dicit
844 2901 911 2952 oud.
940 2903 981 2953 ci.
1002 2904 1027 2966 1,
1047 2905 1082 2955 20
1100 2905 1127 2963 s·
1148 2905 1165 2954 5
1186 2915 1290 2957 cauea·

233 2972 313 3022 tetus
330 2970 427 3036 rapat.
457 2969 491 3032 5,
516 2965 535 3017 4
553 2969 580 3030 s.
598 2973 631 3020 2:
660 2971 825 3021 consolatus
843 2971 1079 3024 induciomarum
1095 2973 1292 3039 hortanteque

232 3043 286 3092 eet.
323 3040 350 3106 7,
369 3040 403 3091 29
419 3036 474 3098 §.i
494 3037 617 3088 coucilia
630 3041 790 3100 conuocato
809 3041 976 3090 consolatus
989 3043 1218 3108 cohortatusque
1233 3046 1289 3096 eat.

232 3110 293 3162 civ.
314 3113 342 3171 3,
360 3110 396 3162 98
415 3105 442 3166 S.
462 3113 478 3159 2
495 3108 660 3158 consolatus
678 3120 857 3174 concerpere
876 3109 971 3161 iussit.
1005 3114 1063 3162 Nec
1082 3112 1164 3163 aliter
1180 3113 1288 3165 Hirtius

232 3181 313 3233 Alex.
331 3179 376 3244 32,
395 3177 412 3225 t
428 3178 460 3226 ia
478 3173 562 3242 tidem
579 3180 713 3241 receptae
731 3180 903 3228 consolatus.

267 3246 359 3311 opplet
377 3247 561 3306 pertinebant]
577 3259 607 3310 p.
627 3260 652 3298 a.
672 3248 768 3311 „Ms8.
787 3243 870 3309 qdu.“
887 3246 949 3295 Pet.
966 3247 1040 3301 Gatt.
1056 3250 1140 3299 voss.
1155 3251 1189 3300 Δ.
1208 3251 1285 3317 ligra.

233 3316 296 3368 Par.
317 3319 350 3368 Α.
375 3316 425 3366 Dr.
446 3313 479 3364 Α.
504 3315 584 3367 Vrat.
604 3318 659 3366 lili.
677 3317 729 3366 tiu.
755 3315 836 3365 Vinci.
859 3317 881 3364 l.
900 3314 971 3374 Ver,
990 3317 1009 3364 i.
1046 3319 1091 3367 sic
1110 3330 1177 3369 eene
1192 3320 1287 3383 opptul

232 3385 398 3451 oppugnatio
423 3383 511 3447 magis
529 3395 547 3433 a
564 3392 734 3450 castrorum,
768 3395 847 3446 quem
866 3384 971 3434 caesar
987 3385 1016 3434 in
1034 3388 1125 3436 animo
1142 3390 1287 3458 habuerat,

232 3454 431 3519 oppugnatione
448 3454 639 3516 distinguitnr3
672 3455 720 3503 seu
738 3453 858 3503 reductis
876 3455 903 3501 in
921 3456 1015 3506 castre
1031 3457 1164 3508 militibus
1181 3463 1216 3510 tte
1233 3462 1286 3513 uec

230 3536 284 3577 nan
298 3524 415 3589 amplius
432 3522 546 3586 eogitari
563 3522 687 3587 potuisse
705 3535 756 3585 per
773 3535 806 3573 ec
824 3523 998 3586 intelligitur.

246 3692 310 3755 §.6
333 3691 543 3753 administrare]
569 3704 671 3743 curere
689 3692 721 3741 ut
762 3689 888 3756 imperat
920 3691 1137 3746 adatiaiatrari.
1192 3695 1287 3751 atinus

196 3762 281 3826 tent,
311 3761 434 3830 baturato.
469 3763 511 3813 ci.
536 3776 560 3812 a.
584 3764 619 3814 81
644 3759 671 3819 S·
692 3764 719 3828 2,
761 3763 1286 3819 rcatcliorccllinusnurrclocumcora·

195 3833 244 3884 uhi
267 3832 344 3882 Gelli
361 3833 437 3881 item·
449 3832 577 3883 (licuntur
595 3831 719 3895 reliqua,
762 3832 855 3895 posuit
872 3845 933 3882 curu
946 3833 1089 3885 ciceronis
1101 3831 1185 3886 Verr.
1204 3835 1230 3901 5,
1249 3835 1287 3891 tr

196 3915 270 3968 quae
292 3901 331 3952 ati
358 3904 600 3966 oppaaaatioaem
623 3903 720 3965 perti·
761 3901 804 3962 (s.
827 3898 893 3961 124)
911 3901 957 3951 ubi
980 3902 1063 3954 tucia
1081 3906 1126 3955 est
1142 3905 1287 3969 scripture

194 3973 282 4034 aeut,
300 3969 527 4035 administrare,
545 3974 574 4021 et
592 3970 618 4034 8,
637 3973 674 4022 37
692 3968 719 4029 S·
761 3970 791 4020 iu
807 3971 900 4023 verbis
916 3971 1185 4034 Tyndaritanorum:
1201 3989 1221 4025 a
1232 3990 1288 4029 aa·

194 4041 228 4092 1:
246 4039 467 4092 caninias-aa
481 4041 647 4091 coemendas
667 4052 719 4102 ap·
760 4039 801 4090 ln's
823 4041 928 4104 papula
955 4041 1086 4093 lianoano
1109 4054 1225 4113 semper
1254 4049 1287 4101 et

193 4111 317 4176 pitanae
340 4111 510 4161 reuertitur
538 4106 719 4173 ceteraeque
760 4109 824 4161 belli
849 4111 1018 4162 adiumenta
1042 4114 1074 4164 et
1090 4115 1173 4177 pacis
1192 4126 1287 4169 orue-

195 4181 279 4236 torta
313 4179 407 4236 deleto
422 4206 457 4216 -
471 4190 560 4245 opera
592 4179 719 4245 cumpace
760 4181 858 4235 uteuta
880 4179 1192 4260 compatriotam.
1224 4184 1287 4259 Alii
