2700 4726
58 370 64 381 .
160 326 233 396 344
268 393 272 401 .
424 320 496 389 DE
523 308 703 388 nanto
734 315 994 387 Gannico

169 512 260 579 rnitti
279 508 425 580 videbat.
490 514 525 578 t.
569 507 710 575 Interim
733 505 913 573 Laetorius
935 501 1111 573 Gadareus
1133 503 1168 569 in
1184 501 1257 569 Ru-

127 609 267 673 2tenos
295 599 419 664 missus
450 618 523 661 eam
542 596 723 662 civitatem
756 594 923 661 Arvernis
956 591 1126 658 conciliat.
1172 588 1259 656 Pro-

170 709 309 776 gressus
335 686 371 751 in
393 683 616 769 Nitiobroges
645 688 680 748 et
704 681 856 750 Gabalos
881 680 923 745 ab
945 681 1100 767 utrisque
1121 677 1259 744 obsides

173 775 297 864 ancipit
318 782 355 839 et
377 794 497 857 magna
518 776 637 838 coacta
656 793 756 836 manu
778 772 813 835 in
834 769 1039 854 provinciam
1063 764 1259 832 Narbonem

129 868 291 932 Svorsus
318 861 527 948 eruptionem
556 861 668 924 iacere
701 857 885 923 contendit.
938 854 1016 943 Qua
1045 855 1260 920 renuntiata

171 948 299 1022 Caesar
319 947 476 1016 omnihus
498 945 650 1014 consiliis
674 941 952 1013 antevertendum
974 942 1199 1023 existimavit,
1221 949 1263 1007 nt

207 1146 350 1195 derorum
368 1143 452 1200 statu,
471 1138 517 1201 oui
534 1141 598 1190 tunc
615 1141 699 1201 esset,
718 1135 819 1188 certior
835 1137 926 1186 iactus
943 1135 1024 1188 ettam
1042 1137 1077 1187 de
1088 1136 1264 1189 Haeduorum

204 1213 257 1264 tide
274 1210 398 1260 dubitare
416 1210 573 1272 cogebatur.
608 1209 668 1258 iioc
685 1206 771 1270 igitur
788 1210 908 1268 tempore
924 1219 971 1258 res
989 1218 1022 1258 eo
1042 1207 1174 1267 perducta
1191 1216 1263 1269 erat,

206 1284 236 1331 nt
261 1290 295 1331 ne
314 1278 357 1328 bis
375 1278 483 1341 quidem
501 1287 577 1327 recte
595 1275 673 1327 credi
691 1289 775 1338 posse
792 1279 916 1336 putaret:
945 1274 1017 1342 tegat
1034 1274 1112 1341 bition
1129 1275 1220 1343 sonata
1238 1293 1264 1334 tt

204 1350 264 1418 {tib
281 1348 419 1417 annuant,
437 1344 503 1412 nictit
519 1349 624 1414 trauan,
642 1346 679 1402 bit
696 1344 769 1414 rubia
786 1344 900 1412 totana.
936 1345 994 1395 iam
1012 1347 1079 1394 baec
1097 1345 1133 1394 ad
1152 1359 1266 1400 sensum

204 1417 358 1469 tolerabitis
380 1414 463 1466 lectio
486 1417 521 1463 ad
546 1418 635 1466 verba
660 1414 690 1464 et
706 1417 741 1464 ad
760 1414 886 1481 codices,
915 1417 1017 1477 ‚quales
1035 1416 1265 1480 adbuc‘cognitos

205 1487 353 1552 babemm,
378 1482 589 1545 respicientibus
606 1494 693 1547 neque
712 1496 746 1532 ex
763 1483 865 1534 Aldina
880 1495 968 1546 neque
986 1496 1021 1532 ex
1039 1495 1090 1547 ea,
1108 1498 1178 1548 quac
1199 1492 1265 1537 ante

204 1552 305 1606 Altum
321 1555 437 1616 vulgata
459 1557 538 1615 erat,
568 1565 586 1604 a
605 1553 704 1604 critico
723 1550 814 1616 atiquo
832 1553 926 1617 facta,
958 1553 1007 1601 sed
1023 1551 1084 1612 ipsa
1101 1553 1216 1614 primum
1234 1557 1265 1607 in

208 1625 290 1688 banc,
306 1623 402 1673 deinde
419 1621 448 1671 in
464 1621 541 1671 iiiam
558 1625 663 1673 mutata
681 1620 769 1671 videri
787 1621 881 1683 debet3
900 1633 949 1683 per
963 1632 995 1670 se
1010 1634 1077 1672 vero
1091 1623 1266 1678 considerata

205 1695 235 1744 et
259 1704 319 1743 cum
336 1689 437 1742 Aldina
460 1698 618 1752 comparata
639 1691 674 1742 ab
691 1690 752 1750 ipso
770 1691 859 1751 potius
876 1691 1012 1753 scriptore
1029 1691 1058 1741 in
1077 1694 1266 1754 premeridi-

206 1764 258 1814 bus
280 1760 384 1825 posita,
416 1758 514 1808 deinde
539 1772 601 1809 cum
625 1759 789 1822 simpliciore
814 1759 1055 1824 accommodius,
1079 1774 1159 1827 quam
1177 1761 1266 1817 Aldus

205 1828 346 1896 vulgavit,
363 1829 527 1879 commutata
543 1828 661 1879 videtur.

240 1897 308 1962 cop.
326 1899 354 1951 7.
370 1896 397 1958 S.
415 1901 441 1948 1.
467 1897 626 1958 Lucterius]
651 1894 806 1947 baereticae
834 1897 938 1962 „MSS
963 1891 1009 1946 6“
1034 1896 1110 1950 Gott.
1129 1897 1212 1950 Voss.
1231 1902 1266 1954 A.

204 1969 282 2033 ligur.
306 1969 389 2029 song.
414 1969 449 2016 Δ.
475 1967 538 2016 Par.
566 1968 600 2014 Α.
624 1965 786 2017 Lucretius
800 1967 889 2018 =Vrat
916 1964 947 2016 c.
970 1965 1053 2016 Vind.
1076 1969 1106 2016 Β.
1123 1968 1266 2023 Lutarius

204 2038 287 2090 Vind.
306 2036 329 2086 Ι.
348 2037 390 2088 ci.
410 2035 572 2087 hotbertus
591 2035 733 2087 Petrarcb.
751 2035 823 2086 iiist.
844 2036 889 2102 16,
907 2034 1004 2086 tab.
1021 2037 1119 2088 iiamb.

222 2105 269 2168 .s.
286 2109 303 2156 2
321 2104 350 2156 in
367 2103 552 2168 Nitiobroges]
571 2105 763 2169 Penuitintam,
781 2117 851 2168 qnae
863 2105 892 2156 tn
910 2105 1035 2157 omnibus
1052 2106 1133 2156 libris
1145 2108 1172 2157 b.
1187 2108 1206 2158 1.
1222 2116 1268 2160 est

130 2224 143 2249 4
204 2175 267 2242 ort,
286 2174 436 2226 secundum
453 2187 478 2223 c.
497 2177 531 2224 31
551 2173 578 2233 S.
600 2172 617 2226 5
638 2177 666 2225 et
682 2171 732 2237 46,
750 2171 767 2224 5
786 2181 814 2224 et
832 2173 879 2240 75,
896 2175 923 2239 ³,
941 2174 987 2236 ubi
1008 2175 1101 2236 optimi
1117 2177 1168 2226 bro
1187 2179 1267 2229 exbi-

206 2248 280 2312 bent,
298 2246 370 2307 quod
385 2243 414 2293 in
433 2241 516 2293 simili
533 2242 640 2293 nomine
658 2242 843 2311 Allobrogum
861 2251 964 2294 certum
984 2243 1108 2308 babetur,
1126 2245 1268 2309 corrigere
1330 2266 1335 2291 ι.

205 2327 260 2366 uon
276 2309 416 2378 dubitavi,
439 2309 503 2373 quta
520 2323 609 2375 neque
625 2311 776 2364 caesarem
794 2311 944 2363 verisimile
959 2314 1004 2362 est
1020 2312 1072 2361 sibi
1089 2324 1143 2365 non
1161 2317 1268 2367 eonsti-

206 2383 276 2434 ttsse
300 2381 329 2432 in
351 2380 459 2431 nomina
480 2383 589 2442 proprio
612 2381 775 2448 scribendo,
804 2393 893 2444 neque
912 2376 1041 2433 libiarios
1060 2386 1104 2432 ter
1122 2399 1267 2451 peccasse,

206 2451 294 2502 semei
309 2462 407 2501 verum
425 2447 545 2498 tenuisse
563 2458 784 2502 consentaneum.
818 2450 907 2500 Etiam
924 2449 953 2499 in
969 2451 1055 2511 primo
1071 2454 1179 2506 nomine
1197 2469 1270 2517 pec·

207 2522 273 2573 cant
289 2518 334 2570 nic
350 2516 482 2569 nonnulii.
523 2513 588 2580 Ipse
605 2522 690 2585 Bong.
708 2522 742 2570 Α.
761 2519 843 2593 babet
857 2518 1040 2584 tntctotripet
1058 2517 1128 2587 (seo.
1148 2525 1216 2574 oud.
1236 2527 1268 2578 tn

168 2597 170 2604 ’
206 2592 263 2648 Io.)
280 2589 362 2640 Vind.
381 2585 412 2640 G.
431 2585 619 2656 initiobrtpes,
636 2590 722 2641 Dorv.
743 2588 875 2641 vossii.
894 2588 925 2639 in
941 2588 1102 2657 Itiobripea
1122 2593 1169 2645 Dr.
1184 2596 1219 2644 A.
1235 2595 1268 2647 ite

209 2658 395 2726 Virtomane,
414 2656 509 2708 iiamb.
528 2656 560 2708 in
577 2658 761 2724 rottobrt'pes.
797 2657 840 2708 Cf·
857 2657 957 2709 Uitorti
978 2657 1051 2712 Gaii.
1069 2674 1096 2726 p.
1115 2656 1178 2714 263.

200 2750 210 2767 =-
241 2729 408 2789 Narbonem]
427 2726 596 2778 Narbonem
612 2728 689 2778 Laid.
706 2728 740 2776 Α.
759 2727 789 2777 Ι.
807 2727 890 2778 Voss.
907 2728 963 2778 Ab.
983 2728 1069 2783 Dorv.
1087 2733 1159 2797 „bic
1176 2739 1204 2782 et
1220 2733 1268 2786 in-

207 2793 290 2851 tra“.
331 2800 404 2850 Har.
427 2799 461 2849 Δ.
489 2794 648 2862 „sensper“
666 2798 735 2850 Wb.
760 2796 808 2847 Dr.
828 2797 858 2846 Β.
880 2795 958 2849 Vind.
979 2797 1038 2849 AF.
1056 2799 1127 2854 ven.
1145 2803 1166 2853 t.
1184 2815 1269 2856 mar-

207 2867 307 2920 tenam
323 2868 396 2918 Ver.
414 2879 440 2916 o.
456 2866 611 2919 narbonem
629 2866 708 2917 Vrat
727 2865 759 2918 Β.
784 2865 994 2920 namucensem
1013 2855 1060 2921 Dr'.
1079 2874 1114 2920 A.
1133 2874 1266 2928 coraci.

183 2938 272 2995 „adn
291 2948 331 2988 cr.
350 2936 386 2986 ad
405 2938 432 2998 3,
449 2937 485 2986 20
502 2934 528 2996 S.
547 2938 574 2985 2.

244 3003 313 3065 S..3
339 3005 577 3063 antevertendum]
600 3012 664 3055 ante
689 3001 817 3064 consutis
841 3004 916 3068 pontt
943 3005 1025 3057 vind.
1048 3001 1072 3055 Ι.
1094 3010 1165 3061 ante
1190 3013 1270 3067 vert.

140 3132 147 3138 ,
209 3075 288 3126 Rom.
314 3087 341 3126 a·
364 3075 436 3124 Med.
462 3085 487 3124 a.
506 3071 577 3122 Van.
596 3074 621 3125 b.
641 3072 882 3127 anteveniendum
899 3074 960 3125 Pet.
977 3089 1034 3126 seo.
1051 3075 1135 3130 Febr.
1153 3080 1183 3128 et
1199 3081 1270 3133 (iud.

210 3147 279 3204 [tao.
301 3141 402 3209 cond.)
426 3139 506 3191 cuias
529 3141 657 3195 lectionis
682 3145 810 3195 inventor
834 3144 962 3196 omnbus
981 3145 1110 3199 conubiis
1129 3148 1271 3203 ablativos

209 3212 385 3264 existimasse
400 3210 517 3261 videtur.

243 3281 411 3342 Narbonem]
430 3275 573 3332 Narbona
586 3277 669 3334 vnn.
687 3283 720 3334 Δ.
739 3278 911 3334 Narbonem
930 3282 978 3336 Dr.
995 3283 1026 3334 Β.
1044 3282 1127 3336 Vind.
1144 3284 1179 3338 Β.
1197 3284 1270 3344 ven.

210 3353 232 3404 i.
252 3350 410 3405 narbonem
426 3349 505 3400 Vrat.
522 3347 555 3397 Β.

229 3504 297 3572 cap.
321 3507 349 3562 7.
377 3504 405 3567 S.
425 3509 451 3557 2.
479 3506 653 3570 Progressus
672 3505 702 3558 in
744 3503 1273 3571 cisse3·-autscriptorreversnmiltum

177 3575 356 3643 Nitiobroges
369 3578 398 3628 et
410 3577 546 3636 Gabalos]
558 3575 703 3629 Nitiobro-
745 3590 782 3651 ex¹
804 3576 1012 3641 Nitiobrogibas
1041 3581 1071 3629 et
1096 3580 1219 3643 Gabaiis¹
1240 3584 1273 3636 in

178 3658 230 3710 ges
245 3649 369 3698 Uberius
394 3647 424 3698 in
449 3647 545 3696 tabula
569 3647 606 3695 ad
624 3647 702 3698 ooct-
744 3648 869 3698 Rutenos
888 3647 982 3699 dicere
1000 3648 1104 3700 oblitus
1126 3652 1178 3702 est.

178 3715 305 3779 dentem,
336 3717 457 3768 Gabalos
476 3717 511 3767 ad
530 3715 666 3766 orientem
684 3727 703 3768 a
799 3714 826 3776 S.
844 3719 871 3767 3.
895 3718 1022 3769 omnibus
1041 3719 1168 3772 consiliis
1187 3725 1271 3776 ante-

178 3782 326 3850 Gadureis,
342 3787 476 3848 utrosque
492 3786 586 3835 autem
600 3787 637 3836 ad
653 3797 702 3838 se·
744 3789 920 3849 vertendum]
952 3789 988 3838 Hi
1006 3791 1094 3840 dativi
1115 3794 1181 3842 sant
1196 3794 1273 3856 iique

179 3855 365 3919 ptentrionem
377 3856 471 3917 posuit
483 3855 640 3919 aRutenis;
657 3853 702 3906 oui
744 3857 887 3909 referendi
905 3859 941 3908 ad
956 3857 1089 3911 Caesaris
1102 3860 1193 3925 ipsius
1207 3875 1274 3915 con·

179 3926 226 3977 bic
237 3927 317 3978 ionas
331 3936 487 3990 repugnare
497 3925 616 3976 videtur.
634 3927 704 3978 Nam
747 3925 829 3993 silia,
863 3939 935 3992 quae
960 3929 1044 3983 varia
1067 3928 1118 3983 iiio
1146 3935 1272 3996 temporo

180 3993 228 4059 qui
244 4006 419 4064 propraetor
435 4005 454 4044 a
465 3997 583 4047 Rutenis
594 3995 704 4048 Narbo·
746 3999 781 4049 ab
795 4011 828 4050 eo
846 3999 954 4064 agitata
971 4014 1034 4052 esse
1048 4014 1138 4064 snpra
1156 4003 1271 4054 demon-

179 4079 242 4118 nent
274 4078 375 4115 versus
408 4067 580 4128 eruptionem
608 4068 704 4118 tacere
746 4070 866 4119 atratum
884 4072 941 4119 est:
966 4071 1010 4120 bis
1027 4072 1152 4123 omnibus
1169 4071 1222 4123 itia
1239 4087 1273 4125 re

179 4135 357 4189 contendisse
376 4133 487 4201 dicitur,
505 4135 531 4186 is
548 4149 604 4188 non
623 4137 703 4188 vide·
746 4139 874 4190 nuntiata
897 4141 949 4189 boc
972 4143 1215 4195 antevertendum
1243 4147 1272 4194 et

180 4209 228 4260 tar
243 4203 462 4272 septentrionem
477 4217 577 4259 versus
591 4207 646 4260 iter
658 4209 704 4260 te·
746 4208 969 4275 praeponendum
984 4223 1035 4262 seu
1048 4211 1126 4276 prius
1137 4214 1273 4280 agendum
