2700 4726
1204 222 1215 247 ⁸
1261 238 1272 285 i

181 273 250 339 eae
439 272 721 341 anenno
753 273 1007 347 donnico
1097 222 1103 231 ’

182 459 327 526 Romani
344 462 459 549 copias
479 459 706 543 traducerent,
718 438 803 530 'erat
819 463 858 529 in
875 465 1003 551 maguis
1017 462 1160 533 Caesari
1177 463 1271 531 ditii-

182 551 368 617 cultatibus
407 572 480 629 res,
512 572 555 616 ne
592 551 752 615 rneiorern
788 552 931 618 aestatis
967 561 1098 640 portem
1131 553 1272 619 flumine

182 639 415 726 impediretur,
439 637 528 724 quod
551 659 617 702 nou
635 638 715 702 fere
728 647 806 704 aute
828 646 1023 705 autumnum
1039 639 1162 707 Elaver
1182 639 1271 707 vado

27 748 34 769 r
139 727 323 795 itransiri
351 727 450 794 solet.
486 721 621 812 ,ltaque
651 747 693 790 ne
723 724 760 792 id
791 725 978 809 accideret,
1011 728 1164 797 silvestri
1193 729 1272 799 lcoo

213 917 260 971 cui
276 914 408 980 apodoeie
426 914 458 967 ἐκ
473 916 629 979 conspecto
645 915 767 983 fereque
783 931 799 969 e
815 917 934 983 cepione
947 919 1056 970 coetrie
1067 921 1272 983 castrame-

213 991 282 1041 aaut
310 988 387 1038 uuilo
410 986 490 1037 ruodo
515 986 673 1049 respondet.
719 987 787 1036 Sin
808 989 881 1038 eninr
905 1001 970 1039 eum
989 990 1100 1041 eutaeet
1118 988 1273 1042 exercitare

212 1060 254 1111 ita
271 1058 373 1109 dicturo
391 1059 448 1123 est,
462 1058 493 1107 ut
510 1058 538 1120 3,
559 1058 591 1106 to
609 1053 635 1115 S·
652 1055 670 1103 9
688 1066 753 1106 cum
771 1058 886 1109 amice
904 1061 1008 1109 eeotue
1026 1059 1179 1122 coepisset,
1196 1058 1273 1122 quod

212 1130 382 1192 explicatum
398 1140 424 1179 v.
444 1127 473 1177 in
490 1127 553 1176 adn.
572 1128 600 1188 3,
617 1126 651 1175 12
669 1123 696 1184 s.
717 1125 743 1190 1,
763 1126 867 1177 exitum
884 1140 940 1178 non
963 1129 1133 1193 cenobatur
1151 1131 1221 1192 boo,
1238 1129 1274 1179 ut

212 1202 308 1253 castra
325 1199 470 1261 ponerent,
488 1195 538 1245 sed
555 1197 586 1244 ut
603 1193 679 1244 irent
697 1196 726 1245 et
742 1195 773 1247 in
790 1196 899 1260 agmine
916 1200 1013 1248 essent
1030 1200 1080 1248 aut
1096 1196 1204 1259 aliquid
1218 1208 1274 1249 eo-

211 1281 275 1331 rum
297 1269 442 1330 iacerent,
473 1277 586 1328 quorum
609 1275 697 1315 eausa
713 1265 794 1314 exire
813 1265 956 1316 exercitus
973 1267 1082 1332 soient,
1114 1264 1271 1319 cuiusmodi

210 1339 264 1391 iila
280 1341 355 1402 sunt,
372 1348 442 1398 quae
459 1334 542 1384 Sosia
560 1334 705 1384 Plautinus
723 1335 820 1396 nupt.
839 1334 864 1400 1,
883 1336 899 1384 1
914 1349 941 1387 v.
954 1335 990 1387 65
1005 1350 1066 1400 sqq·
1080 1338 1157 1387 iacta
1168 1342 1272 1388 narrat

208 1411 364 1475 postquam
381 1403 523 1468 utrinque
539 1404 650 1454 eertum
667 1407 712 1456 eet
728 1417 867 1455 maenia
882 1406 980 1471 copiae
998 1406 1061 1456 sive
1078 1405 1182 1470 potius,
1202 1405 1272 1467 quia

210 1477 314 1530 cotidie
328 1475 444 1545 exibant
462 1476 490 1523 et
506 1473 598 1523 exitoe
615 1472 727 1524 minime
744 1474 878 1525 fortuitus
895 1479 967 1541 erat,
987 1475 1038 1538 ita,
1055 1479 1087 1525 ut
1106 1479 1133 1540 ³,
1152 1475 1188 1525 12
1205 1474 1234 1536 S.
1252 1476 1271 1527 t

210 1560 277 1599 eum
293 1557 332 1597 eoo
349 1547 411 1596 otto
434 1554 466 1593 ee
486 1544 586 1593 uectus
602 1541 800 1604 inciiaeieset,
827 1556 924 1595 rursus
942 1558 998 1595 non
1016 1545 1092 1596 exitu
1110 1545 1212 1608 tiebat,
1236 1544 1272 1594 ut

210 1616 242 1668 in
266 1617 416 1678 conspectu
439 1613 555 1675 fereque
580 1613 728 1676 eregione
747 1613 844 1663 cestra
860 1619 1013 1679 ponerent,
1046 1615 1096 1665 sed
1114 1627 1165 1681 eo,
1194 1612 1271 1678 quod

211 1687 309 1738 eodem
332 1688 456 1744 ternpore
478 1685 508 1731 et
533 1694 571 1733 ex
592 1683 696 1731 castris
715 1681 845 1732 similiter
862 1684 963 1744 positis
981 1684 1107 1735 exissent
1123 1687 1152 1735 et
1169 1685 1271 1735 eaden

208 1755 357 1811 eeleritate
374 1753 500 1813 idemque
518 1752 624 1812 tempus
641 1752 698 1802 iter
719 1752 871 1814 iecissent3
905 1766 1021 1814 quarum
1045 1767 1140 1805 rerum
1164 1753 1195 1805 in
1215 1753 1271 1804 iiia

210 1823 333 1875 lectione
354 1822 424 1872 uitii
448 1824 477 1871 et
499 1831 595 1870 earum
618 1820 681 1871 loco
704 1821 810 1883 aliquid
829 1833 948 1882 prorsus
972 1824 1072 1874 inutile
1090 1825 1193 1874 dictum
1212 1823 1267 1873 eet

211 1894 361 1954 Nemees,
396 1890 441 1952 qui
462 1890 631 1953 Gergoviam
649 1892 864 1953 contenderent,
896 1904 953 1943 non
969 1895 1073 1943 castris
1091 1906 1124 1943 se
1141 1891 1269 1944 tenuisse

210 1963 262 2014 aed
286 1962 381 2012 exisse
404 1960 466 2022 quis
490 1971 547 2009 non
570 1971 622 2009 sue
642 1963 746 2029 sponte
758 1953 887 2011 tatuat‘i
920 1964 1038 2014 Accedit
1054 1963 1127 2026 quod
1144 1975 1180 2014 ea
1196 1974 1268 2025 pare

210 2031 393 2095 narrationis,
413 2041 469 2091 qua
489 2030 586 2079 caetra
603 2031 668 2090 poni
686 2030 824 2095 dicuntur,
843 2030 921 2081 uuiio
940 2045 1029 2094 neque
1046 2033 1161 2085 vincuio
1177 2043 1269 2095 neque

208 2115 283 2152 nexu
308 2113 369 2150 cum
392 2101 527 2161 sequente
552 2099 692 2150 cohaeret.
727 2100 804 2159 Quae
823 2111 892 2149 vero
910 2111 928 2150 a
945 2102 1075 2153 Dirbnero
1093 2105 1203 2153 tentata
1221 2104 1268 2151 ast

209 2170 357 2235 medicina,
376 2178 528 2219 caverent
546 2169 921 2230 nemaiumreddetpeiua.
958 2172 1268 2237 Verbaeuimiocoeo·
1328 2192 1332 2200 ·

113 2259 116 2264 ·
208 2237 564 2304 spectu-traducerent,
583 2247 654 2296 quae
671 2236 744 2287 omui
762 2239 938 2298 parenthesis
955 2243 1022 2290 uota
1036 2244 1143 2306 carent,
1161 2253 1268 2304 paren·

210 2311 303 2360 tbesin
321 2307 428 2356 iaciens
447 2307 546 2356 abusu
558 2305 707 2365 scriptoris
719 2306 914 2358 abhorrentem
930 2310 1007 2359 exitu
1020 2311 1166 2375 utriusque
1180 2319 1268 2362 exer-

209 2379 282 2431 citus
303 2375 495 2426 difficultatem
515 2376 596 2424 creat
614 2374 747 2439 caesari,
767 2376 835 2441 iiia,
859 2388 931 2440 quae
951 2378 1144 2431 difficultatem
1162 2382 1268 2433 adere-

208 2449 285 2510 bent,
306 2445 387 2507 quasi
404 2446 454 2493 aut
471 2444 573 2493 minori
590 2446 728 2495 momento
745 2447 874 2505 praedita
887 2450 939 2498 aut
959 2462 1009 2510 per
1026 2463 1058 2499 aa
1075 2450 1158 2502 clara
1174 2452 1269 2503 obiter

209 2509 336 2579 attingit?
369 2515 447 2573 Quae
466 2525 528 2562 cunr
544 2511 586 2561 ita
607 2513 673 2571 sint,
691 2511 801 2565 exisset
818 2519 849 2567 ut
868 2515 991 2569 Caesare
1010 2517 1153 2584 indignum
1170 2523 1201 2571 et
1220 2521 1267 2573 vi-

208 2586 310 2636 tiosum
327 2583 411 2635 abiici
428 2581 518 2630 debet.
552 2581 650 2644 Neque
663 2583 812 2634 obscurum
827 2587 882 2651 est,
899 2589 1033 2650 quomodo
1048 2590 1120 2640 oriri
1131 2592 1265 2652 potnerit

208 2655 325 2704 teilioet
348 2654 425 2705 esset
449 2649 603 2701 coercens
623 2653 780 2714 scripturae
796 2654 930 2706 librarius
950 2658 1029 2708 facili
1046 2659 1128 2721 lapsu
1144 2664 1266 2715 eeeuet

206 2722 359 2776 coercitus
377 2719 510 2785 scripsit,
538 2721 611 2783 quod
630 2720 720 2783 ipsum
736 2722 767 2773 in
785 2723 851 2774 Par.
870 2723 903 2775 Α.
925 2727 1045 2790 iegitur3
1075 2742 1111 2779 ex
1128 2740 1184 2792 quo
1202 2742 1266 2783 omn

207 2796 313 2844 iaemrn
330 2794 407 2842 esset
424 2789 544 2852 seusei,
562 2789 684 2856 utrique
701 2793 730 2841 et
745 2797 871 2855 poneret
886 2796 991 2847 mutari
1005 2809 1123 2849 necesse
1139 2800 1205 2853 tuit.

239 2878 356 2929 caesari
380 2874 611 2950 difficultatibus]¹
635 2876 772 2940 „Caesar
792 2879 822 2932 d.
838 2880 924 2931 Voss.
946 2877 978 2933 B.
998 2880 1119 2934 burseri
1139 2885 1168 2936 d.
1188 2886 1260 2936 And.

203 2948 256 2999 01.
273 2951 302 3000 S.
321 2947 399 2998 Laid.
415 2949 449 2995 A.
468 2947 536 2996 Vre.
555 2946 740 3019 aixdoesapin·
759 2948 787 2998 d.
805 2952 852 3000 vei
871 2948 897 2998 d.
910 2950 1046 3002 Caesarie
1059 2955 1136 3005 MSS.
1150 2955 1179 3005 et
1192 2956 1263 3006 Edd.

204 3017 289 3081 qod.“
323 3019 370 3068 sio
389 3027 486 3079 parurn
504 3015 617 3067 definite
629 3017 698 3068 (iud.
714 3011 884 3072 fortasse'in
897 3016 1103 3087 'dubitationem
1116 3024 1262 3077 coniectas

203 3100 246 3154 eo,
266 3088 338 3150 quod
355 3087 384 3135 iu
402 3100 444 3136 ex.
461 3085 543 3136 naor.
562 3087 697 3137 Caesarie
714 3101 749 3136 ex
766 3089 843 3139 nuiio
862 3090 967 3155 codice,
984 3092 1012 3142 d.
1027 3092 1193 3160 Caesariex
1206 3107 1262 3146 uno

202 3158 278 3208 Gott.
298 3158 417 3207 relatum
437 3153 559 3204 videbat.
583 3157 637 3204 sed
652 3156 775 3206 Wbittio
793 3161 866 3207 teste
878 3159 953 3209 Gott.
974 3170 1004 3209 ut
1016 3160 1099 3212 Vrat.
1113 3163 1144 3213 Β.
1164 3167 1193 3214 et
1206 3165 1259 3215 tiu.

201 3229 284 3278 babet
301 3227 329 3277 d.
349 3224 498 3288 Caesarie,
516 3224 698 3276 etecusam
716 3226 744 3277 d.
764 3227 868 3292 legitur
885 3229 914 3277 iu
931 3230 991 3279 cod.
1008 3232 1104 3292 Stepir.
1120 3245 1178 3284 ece.
1198 3234 1259 3286 iio·

200 3305 265 3350 tour.
292 3298 374 3358 Bong.
393 3298 426 3345 Α.
451 3294 490 3343 ΡΙ.
520 3295 581 3344 Par.
600 3296 634 3343 Α.
659 3296 731 3348 flav.
750 3297 784 3345 A.
811 3297 857 3345 Dr.
875 3294 931 3346 AB.
948 3301 1030 3351 Vtut.
1047 3299 1104 3353 AO.
1127 3302 1210 3353 cuit.
1228 3304 1258 3355 Ι.

198 3365 296 3418 liamb.
320 3365 401 3416 Vind.
427 3362 566 3414 iicDiiiii.
593 3371 621 3412 et
646 3365 769 3413 omnibus
798 3374 861 3414 ente
891 3367 1061 3431 scaligerum
1085 3371 1258 3427 editionibus.

198 3434 295 3500 ltaque
312 3433 424 3485 dativus
436 3431 553 3484 aloarius
570 3434 673 3484 tantm
691 3433 801 3497 generis
817 3433 958 3486 codicibus
974 3451 1063 3502 neque
1080 3437 1116 3489 iis
1132 3441 1258 3495 omnibu

164 3603 251 3656 tentia
273 3604 358 3654 tuerit
381 3602 427 3669 is,
458 3601 505 3668 qui
529 3603 565 3653 ad
584 3601 691 3654 Lucani
733 3607 792 3654 2v.
806 3602 1259 3665 seNumsotoetttedoaadaat

162 3686 275 3724 versum
299 3675 397 3723 Pnars.
419 3674 454 3734 9,
487 3672 556 3723 1058
579 3672 691 3724 Necubi
731 3673 855 3724 nuncubi
869 3688 972 3728 meam.
988 3678 1128 3741 utetipse
1142 3682 1170 3732 ei
1184 3683 1258 3749 endi,

162 3754 336 3808 eappreeaor
348 3743 452 3805 pereat
464 3754 595 3807 paoer-
608 3744 690 3793 sobo-
731 3757 801 3794 oum
811 3744 873 3793 cuti
885 3747 1004 3796 scribere
1017 3748 1147 3802 debuisse
1159 3753 1259 3805 videa-

161 3813 218 3864 iion
240 3812 403 3864 eWebero
422 3809 522 3863 editum
541 3810 689 3871 adscripsit
731 3821 788 3864 tur.
822 3814 922 3865 liudem
940 3815 1012 3866 ratio
1029 3824 1073 3866 est
1091 3821 1257 3883 coraposito·

161 3879 274 3934 alieubi.
308 3879 439 3930 siuiiuer
452 3885 610 3943 comparata
624 3883 688 3931 suut
729 3894 790 3932 runi
820 3886 948 3936 necunde
978 3893 1007 3935 et
1034 3886 1162 3942 sicunde.
1202 3892 1257 3943 sed

161 3949 253 4002 cicada
270 3958 298 4000 eo
314 3936 446 4016 nuncubi,
464 3964 578 4012 quorum
591 3950 688 4011 penui·
730 3953 800 4014 quod
830 3951 859 4002 in
890 3954 995 4004 ratione
1030 3961 1112 4025 erat,
1144 3957 1257 4012 minime

160 4020 255 4071 tinam
278 4021 329 4069 sub
353 4020 409 4069 ictu
434 4020 526 4080 posuit
543 4018 708 4070 cerentius
730 4033 808 4071 omne
826 4020 853 4071 iu
871 4036 923 4074 usu
937 4022 1024 4073 tuisse
1043 4037 1169 4095 constat,
1193 4030 1258 4082 catti

160 4090 231 4142 lina.
244 4094 271 4151 3,
292 4090 306 4138 1
324 4102 351 4139 v.
370 4086 550 4138 recensitio.
568 4089 686 4144 mirum.
730 4100 822 4142 autern
839 4099 867 4140 et
884 4091 976 4143 eunde
997 4099 1132 4152 vocabula
1150 4100 1255 4157 uniet.

160 4161 225 4213 tam
239 4157 330 4212 etcobi
351 4170 416 4212 eoae
434 4157 565 4211 ututur.
602 4154 641 4212 ib.
661 4159 686 4225 1,
729 4159 817 4212 inisse
834 4172 888 4211 nou
907 4159 1040 4214 videniur.
