2700 4726
193 309 263 378 ιιι
451 305 523 376 nn
551 302 733 374 nunno
766 300 1021 413 cantico

195 518 252 564 res
278 503 314 561 et
337 496 452 562 hostes
474 493 518 560 eli
547 495 602 561 ins
689 493 791 560 ndum
815 491 976 559 tardabat
996 497 1033 559 et
1055 493 1193 559 nostros
1216 508 1281 579 spe

153 588 175 653 b
195 584 315 650 auxilii
335 583 565 652 confirmabat.
645 582 763 649 andem
783 580 944 650 Germani
964 577 1007 646 ab
1029 580 1149 646 dextro
1169 582 1281 645 latero

194 694 360 738 summum
384 674 499 756 iugum
524 672 615 738 nacti
636 673 752 737 hostes
775 672 851 737 loco
873 668 1069 757 depellunt3
1106 667 1280 752 fugientes

175 782 302 846 ,usque
330 757 374 825 cd
402 759 545 840 flumen,
579 759 639 825 ubi
666 758 928 843 Vercingetorix
957 777 1032 823 cunr
1059 754 1280 843 pedestribus

192 848 301 933 copiis
331 845 551 928 consederat,
585 854 837 935 persequuntur
867 846 1114 934 conpluresque
1147 842 1281 909 interii·

150 935 295 1004 cuent.
347 933 426 1022 Qua
453 955 492 1000 re
521 934 751 1002 animadversa
781 933 907 1020 reliqui
935 953 978 1001 ne
1005 930 1280 1012 circumirentur,

224 1124 356 1178 adverbio
380 1127 528 1178 structus:
562 1127 606 1178 Ila
628 1124 808 1179 constituere
824 1126 916 1178 eciem
937 1137 992 1176 nur
1008 1124 1158 1184 irberlreupt
1173 1122 1279 1172 belem

179 1222 199 1235 ··
226 1198 282 1246 tet:
301 1195 366 1248 elne
382 1196 654 1261 Scllccbtordnaop
671 1198 845 1262 cufstclien,
863 1197 935 1246 neclr
947 1196 1007 1244 dem
1022 1194 1279 1255 zusammenlrange

171 1265 180 1292 i
225 1277 342 1316 nnscmr
357 1265 443 1315 stelle
468 1266 600 1330 liugegeu
623 1267 668 1317 lie
684 1267 759 1316 bele
782 1266 820 1316 ist
843 1277 897 1315 von
915 1262 1074 1328 oitmaligeu
1091 1262 1279 1324 Weniinugen

224 1335 275 1385 der
292 1334 560 1400 Scblcclnonlnung,
584 1332 616 1399 je
640 1337 771 1388 naohdern
795 1336 846 1386 der
867 1334 1003 1387 Weclrsel
1026 1333 1063 1382 im
1087 1331 1201 1394 llrlolge
1224 1331 1278 1380 cler

223 1403 354 1452 scilecit
370 1402 411 1451 sie
427 1405 594 1469 ertoroerte,
612 1406 667 1454 unci
684 1406 721 1455 da
736 1405 843 1456 enerich
861 1401 996 1454 concerti
1013 1400 1070 1450 sich
1089 1411 1125 1450 cn
1138 1400 1189 1450 das
1206 1412 1278 1450 ver-

225 1473 399 1539 ansgebenqe
416 1485 451 1522 eo
467 1473 566 1536 rielrtlg
582 1474 764 1538 ausclrlicsst,
780 1475 856 1524 uiolrt
868 1474 935 1523 aber
951 1469 1108 1535 constitet,
1124 1476 1156 1519 sb
1166 1468 1276 1518 nibella

224 1542 302 1592 wobl
321 1542 363 1590 lio
382 1542 571 1604 gewiilrnliclre
587 1544 688 1593 Lesart
703 1542 739 1592 lm
757 1544 842 1593 'lexte
862 1556 900 1592 zu
919 1543 1015 1591 lasseu
1031 1551 1111 1601 scyn.
1147 1539 1202 1588 Sed
1222 1550 1277 1586 ex-

224 1609 356 1675 plicatio,
374 1621 453 1673 quern
471 1611 567 1661 statuit
584 1612 748 1676 Lippertus,
766 1612 873 1663 minime
893 1608 1070 1674 necessaria,
1093 1606 1164 1657 aciei
1181 1614 1277 1657 sutem

212 1679 399 1743 constitutio,
426 1690 495 1741 quse
521 1682 686 1742 praeoedere
707 1682 913 1731 couversionem
938 1678 1069 1745 debebat,
1098 1687 1234 1740 nusquam
1258 1687 1277 1726 a

222 1746 360 1808 scriptore
376 1747 533 1812 significato
550 1756 609 1815 esc,
626 1760 714 1813 neque
732 1750 766 1799 cb
783 1761 814 1798 re
832 1748 974 1812 quicquan
992 1747 1094 1810 obstat,
1112 1758 1164 1809 quo
1181 1745 1276 1796 miuus

224 1829 289 1880 eos,
314 1813 406 1880 quiin
427 1816 534 1880 agmine
552 1817 760 1884 constitissent,
785 1829 845 1868 eam
867 1817 897 1866 iu
915 1817 1040 1881 partem,
1064 1826 1118 1880 qna
1134 1807 1277 1879 equitatus

177 1922 180 1927 ·
223 1884 405 1937 Romanorum
424 1885 510 1949 premi
526 1887 682 1949 videretur,
707 1885 787 1950 signa
803 1886 947 1952 intulisse,
969 1885 1064 1936 deinde
1084 1886 1191 1935 tanturn
1207 1892 1274 1946 pro-

222 1966 353 2019 gressos,
378 1957 409 2004 ut
426 1954 543 2018 equitum
562 1956 702 2007 Gallorum
720 1955 849 2016 impeturn
872 1954 999 2017 excipere
1017 1960 1147 2020 possent,
1172 1963 1275 2002 rursus

223 2023 384 2074 constitisse
401 2027 430 2074 et
446 2022 475 2073 in
492 2025 552 2074 acio
570 2023 732 2077 constitutos
745 2026 960 2086 esseputcmus.
982 2024 1025 2075 Ad
1041 2022 1191 2073 orationem
1203 2031 1275 2072 vero

221 2094 260 2145 oi.
279 2093 343 2143 cir.
365 2094 399 2156 t,
423 2089 459 2142 40
484 2090 562 2159 8.,5ε
586 2095 680 2144 iocum
697 2093 776 2158 capit
791 2093 975 2156 superiorem
997 2091 1147 2151 (Plancos)
1170 2090 1273 2141 dicer-

220 2166 339 2227 so'mqoe
363 2160 454 2213 eciem
477 2161 509 2211 io
530 2163 604 2214 (luce
626 2165 730 2227 panes
749 2161 921 2227 constituit,
946 2173 983 2212 ce
1006 2161 1041 2212 ab
1058 2160 1192 2226 equitatu
1209 2159 1273 2210 ctr-

220 2231 384 2282 cumueniri
400 2232 507 2295 posset.
541 2233 588 2296 qul
611 2234 689 2284 locus
709 2245 742 2285 eo
762 2232 923 2284 adverbium
940 2240 996 2281 uon
1014 2241 1167 2294 repugnare
1185 2231 1274 2280 verbo

159 2325 162 2331 ·
219 2300 360 2352 constitui
376 2302 464 2351 locet.

253 2350 280 2430 9.
299 2369 316 2420 5
339 2366 428 2436 nacti]
451 2368 553 2423 naneti
571 2370 655 2422 Voss.
669 2371 703 2422 Α.
721 2381 778 2419 sec.
797 2370 865 2421 Oui.
897 2367 1000 2421 ooncti
1022 2367 1094 2418 illem
1113 2377 1170 2421 sec.
1187 2363 1277 2416 Faba·

190 2461 247 2507 ,et
264 2452 374 2505 Pacb.
398 2455 483 2505 nacti
501 2455 586 2518 iiong.
601 2458 636 2509 A.
670 2453 1096 2515 cr.scn.cr.suc.sas.1.

253 2523 467 2585 conpluresque]
485 2525 562 2587 lagu.
575 2524 659 2576 Febr.
670 2525 753 2588 Bong.
771 2523 805 2574 A·
824 2523 865 2574 Pl.
878 2523 942 2575 Par.
955 2526 989 2574 A·
1000 2535 1059 2575 non
1071 2532 1162 2586 comp.
1178 2524 1275 2582 (com-

216 2590 385 2656 pluerisque
410 2591 472 2641 all.
497 2603 523 2642 a.
543 2592 591 2642 tir.
611 2605 637 2646 a.
655 2595 735 2646 Torr.
764 2594 922 2656 pluresque
947 2592 1023 2645 Leiil.
1043 2595 1078 2645 Δ.
1108 2593 1274 2657 complures

218 2660 298 2712 cerr,
322 2661 381 2715 ebd-
403 2661 482 2711 ilurr.
509 2660 584 2711 Leid-
603 2660 633 2711 0.
659 2662 743 2713 Voss.
759 2660 791 2713 (i.
816 2661 890 2714 (ioli.
913 2665 981 2718 er·
1009 2663 1057 2712 Dr·
1078 2662 1112 2711 Δ.
1137 2661 1219 2714 Vrac.
1239 2663 1272 2713 lt.
1327 2662 1331 2677 “

217 2729 299 2781 Viuo.
318 2729 347 2781 B.
366 2729 420 2778 inc.
438 2741 489 2779 om.
509 2729 592 2780 vinc.
611 2732 659 2791 li.)

252 2796 279 2857 s.
299 2800 317 2847 6
340 2797 562 2858 circumirentur]
588 2800 647 2852 Pet.
666 2798 750 2851 Voss.
767 2799 801 2850 A·
825 2799 902 2850 iiott.
920 2801 996 2863 ligra.
1015 2800 1087 2849 Lon.
1104 2797 1189 2854 Febr.
1208 2798 1272 2850 Pet.

217 2863 303 2921 conti.
323 2868 405 2932 Bong-
418 2865 451 2921 l.
468 2869 510 2920 Pl.
530 2869 595 2920 Par.
612 2873 645 2921 Δ.
662 2868 745 2921 vrot.
758 2869 813 2920 ΑΒ.
831 2867 886 2921 inc.
904 2881 963 2920 sec.
980 2867 1042 2919 lllb.
1061 2866 1174 2919 mecum
1186 2865 1276 2921 irec-

234 3034 285 3086 spe
296 3021 403 3084 ccxiiii]
424 3022 704 3086 quoiipsnmteren-
747 3023 873 3090 nornine,
904 3037 967 3077 cnm
990 3023 1049 3087 ipse
1067 3021 1189 3087 scriptor
1205 3025 1270 3075 uol-

182 3092 244 3143 lnm
264 3092 299 3143 iis
315 3095 364 3143 aut
379 3095 464 3143 latum
482 3093 570 3144 inisse
588 3106 641 3146 nou
657 3094 703 3144 vi·
747 3096 802 3145 lum
820 3095 967 3146 memoriae
986 3095 1149 3156 prouentum
1168 3093 1271 3144 existi-

181 3163 270 3214 tetur.
318 3155 412 3226 Itaque
436 3173 489 3212 uon
514 3170 575 3213 erat
599 3176 661 3227 cur,
674 3165 703 3215 in
746 3164 1019 3229 moveriqquaerere
1031 3174 1272 3226 supervacaneum

67 3240 69 3247 ’
179 3229 224 3281 his
241 3230 356 3284 vocibus
370 3233 494 3281 lucraret
507 3233 701 3283 liotomanuus.
746 3236 798 3284 est.
825 3234 966 3283 liranerus
980 3218 1140 3296 nescioquo
1154 3235 1273 3286 auctore

180 3299 257 3365 „vbi
280 3313 327 3350 res
348 3300 411 3360 ipsa
435 3308 511 3366 erat,
536 3302 596 3364 spei
623 3303 701 3353 locus
744 3301 835 3364 posuit
852 3301 957 3353 Occiae.

180 3380 245 3420 esse
262 3380 316 3419 non
334 3365 480 3431 poterat-‘i
796 3370 823 3433 s.
849 3374 866 3421 6
898 3369 1011 3434 reliqui]
1048 3369 1094 3433 qni
1128 3380 1148 3421 s
1178 3370 1270 3435 primo

232 3435 300 3496 §.5
338 3450 471 3488 sumnum
493 3438 584 3502 iugum
613 3437 701 3500 nacti]
744 3440 852 3504 agmine
870 3442 898 3489 et
915 3440 952 3491 ab
969 3441 1059 3490 latere
1076 3439 1191 3492 sinistro
1208 3442 1270 3492 lio-

181 3497 224 3555 Aa
242 3507 368 3568 ‚dextram
391 3507 474 3570 igitur
491 3506 621 3560 Romanis
639 3510 702 3560 loca
743 3520 838 3561 manos
859 3508 947 3560 alorci
966 3517 1054 3560 erant.

180 3580 260 3624 eraut
275 3575 366 3640 edita,
383 3575 412 3625 in
429 3575 516 3640 iisque
533 3577 579 3627 diu
593 3590 701 3642 pugnu—
792 3591 827 3632 nc
840 3577 1063 3639 circumirentur]
1080 3577 1268 3647 affermanis,

181 3647 239 3693 tum
262 3646 297 3693 ab
315 3644 450 3706 equitibus
473 3645 562 3695 tuisse
580 3645 700 3713 videtur,
743 3646 790 3710 qui
807 3648 951 3712 profligata
968 3640 1050 3699 tertia
1065 3647 1184 3710 equitum
1197 3649 1269 3700 Gal·

181 3723 243 3762 curu
277 3713 404 3763 Germani
440 3727 573 3766 summurn
608 3717 700 3781 iugum
742 3719 829 3768 lorum
847 3716 909 3767 acie
925 3716 1035 3768 reversi
1052 3727 1070 3766 a
1087 3716 1164 3781 tergo
1182 3717 1268 3768 irrra-
1320 3747 1323 3751 ·

180 3781 256 3831 neoti
280 3784 372 3832 hostes
398 3784 461 3834 loco
486 3785 636 3852 superiori,
666 3783 701 3836 c'x
743 3787 802 3838 suri
823 3790 917 3837 essent
939 3787 1068 3850 reliquos.
1110 3787 1187 3846 Quae
1211 3786 1268 3838 tuit

181 3861 235 3911 quo
257 3850 346 3900 adhuc
366 3853 438 3902 male
462 3854 620 3906 habuissent
642 3857 700 3907 lio-
743 3868 845 3922 causa,
865 3869 915 3906 eur
931 3856 960 3906 hi
976 3856 1004 3906 iu
1017 3854 1089 3906 alies
1107 3857 1201 3918 partes
1218 3856 1268 3906 lu·

179 3929 290 3981 mance,
308 3921 484 3979 depellerent.
742 3937 804 3988 geru
819 3927 995 3987 capesserent
1007 3933 1036 3973 et
1052 3923 1176 3976 omnibus
1193 3924 1267 3977 locis

232 3989 268 4037 acl
287 3988 399 4048 iumen]
431 3990 461 4040 ld
481 3994 542 4052 post
559 3993 699 4045 Rbellica·
742 3996 823 4046 lieret
836 3996 946 4045 caedes.
976 3993 1065 4045 Aliter
1082 3995 1151 4044 baec
1168 3994 1232 4044 inde
1247 4006 1267 4046 a

178 4068 242 4106 nom
265 4055 389 4120 plerique
406 4061 534 4126 Ararim,
559 4061 608 4114 alii
627 4063 699 4125 iique
743 4063 769 4124 s.
789 4063 806 4115 5
830 4062 966 4115 intellexit
985 4062 1184 4115 Gniscliarlltus
1201 4063 1267 4115 lle·

180 4126 346 4206 probabilius
382 4128 457 4180 cliui
488 4131 577 4181 minus
607 4136 699 4184 notum
742 4134 842 4184 moires
855 4133 999 4184 militaires
1018 4134 1077 4183 M
1096 4145 1123 4194 p.
1136 4131 1205 4184 2852
1222 4133 1267 4185 Ire

177 4195 267 4246 tuisse
297 4198 407 4260 putant3
442 4200 476 4249 ile
502 4199 581 4253 culus
607 4203 699 4254 tanen
741 4200 1030 4270 comiatoeoitbieJ’o
1048 4200 1125 4254 dure
1140 4205 1267 4268 pascique
