2700 4726
209 326 277 395 576
471 318 543 389 Dii
568 316 756 390 BELLO
785 312 1037 388 ancardo

208 514 267 581 td.
296 507 362 577 His
388 510 490 577 relius
516 509 677 602 perfectis
707 508 861 594 regiones
888 509 1026 572 secutus
1055 524 1155 591 quarn
1180 501 1295 592 potuit

210 599 432 686 aequissimae
454 620 516 687 pro
539 600 604 665 lcei
626 605 747 663 natura
769 594 892 664 XIIII.
916 593 1010 659 milia
1032 611 1192 683 passuum
1215 612 1295 656 ecn-

233 688 330 752 lexus
360 707 460 774 pares
487 685 640 753 eiusdem
672 685 806 771 generis
835 683 1036 749 munitiones
1070 678 1225 745 diversas
1251 679 1294 744 ab

208 708 262 840 in
284 783 402 839 eontra
424 776 622 840 exteriorem
645 773 775 838 hostem
792 771 951 859 perfecit,
973 775 1014 834 ut
1027 788 1070 834 ne
1085 788 1205 853 inagna
1218 766 1296 852 qui-

208 860 284 928 dem
307 861 541 945 multitudine,
564 865 595 929 ai
616 863 666 928 ita
689 858 821 927 accidat
844 859 919 926 eius
940 855 1114 938 discessu,
1136 855 1296 921 munitio-

241 1051 406 1114 supersedit.
442 1051 555 1104 scilicet
578 1063 632 1104 non
650 1052 755 1102 tanturn
777 1049 874 1117 uncis,
898 1049 1046 1100 sedetiam
1070 1045 1176 1099 aculeis
1199 1049 1295 1096 nanos

241 1124 278 1173 ad
301 1123 408 1174 medum
431 1134 542 1189 eorum,
573 1122 670 1186 quinus
696 1121 851 1184 piscatores
874 1121 1005 1185 utuntur,
1032 1119 1182 1169 instructos
1205 1116 1296 1166 tuisse

201 1198 207 1209 '
240 1193 404 1244 credendum
422 1195 473 1242 eet.

274 1260 343 1323 cap.
361 1257 405 1313 7⁴.
422 1263 448 1332 §.
468 1263 480 1312 1
502 1259 615 1320 xlm]
640 1258 726 1310 Voss.
744 1261 778 1310 A.
797 1257 870 1309 (dett.
891 1258 973 1311 Febr.
990 1256 1072 1321 cong.
1091 1257 1125 1306 A.
1141 1254 1183 1305 ΡΙ.
1201 1255 1250 1305 Dr.
1268 1254 1298 1305 Β.

240 1331 284 1398 et,
302 1342 363 1392 sup.
384 1343 419 1395 c,
439 1332 470 1379 A.
487 1330 568 1380 Vrao.
587 1328 618 1378 B.
635 1330 715 1381 Goth.
732 1329 761 1382 Β.
782 1326 864 1382 vind.
879 1329 950 1380 Alii.
975 1324 1196 1395 quatuordeeim
1215 1324 1297 1376 Vrat.

242 1402 275 1450 A.
294 1399 390 1450 nano.
406 1398 488 1450 vind.
503 1400 536 1453 D.
555 1400 616 1449 Aid.
635 1411 661 1452 a.
681 1399 729 1449 Gr.
746 1398 789 1450 ab.
808 1399 847 1446 st.
867 1399 896 1449 Ρ.
914 1401 990 1451 Man.
1006 1397 1091 1448 aren.
1110 1396 1189 1445 Turr.
1208 1397 1296 1456 quat·

241 1468 405 1520 tucrdectm
423 1470 498 1520 aon.
516 1482 541 1520 a.
560 1469 675 1519 Meda.
697 1468 767 1517 ven.
786 1467 840 1517 bei.
860 1468 920 1518 Ber.
946 1464 1202 1534 quattuordecim
1222 1466 1295 1516 Ven.

240 1540 283 1589 ed.
311 1539 388 1589 XiV
402 1539 478 1597 (Par.
499 1541 547 1597 A.)
565 1538 625 1589 Aid.
644 1538 670 1586 b.
694 1533 767 1598 Lipe.
786 1550 847 1601 sqq.

275 1605 438 1675 conplexus]
463 1608 539 1671 Egra.
564 1608 648 1657 neor.
671 1604 754 1669 Bong.
771 1608 804 1656 A.
831 1607 872 1656 ΡΙ.
897 1604 961 1656 Par.
979 1605 1012 1662 A.
1039 1614 1093 1654 non
1116 1603 1218 1666 compl.
1248 1601 1297 1662 (in

239 1676 288 1727 Dr.
307 1675 340 1727 Α.
359 1688 376 1727 a
392 1690 428 1729 rn.
447 1689 487 1740 pr.
504 1676 633 1728 omissum
651 1688 669 1728 a
686 1688 722 1726 m.
741 1688 797 1726 sec.
817 1676 844 1726 in
861 1674 985 1739 margine
1003 1674 1196 1739 scriptumest
1214 1684 1296 1724 com·

259 1746 369 1803 decas.)

238 1756 258 1811 p
275 1811 371 1880 pares]
392 1810 462 1873 pari
486 1813 596 1879 ‚,a0ng.
615 1815 648 1865 A.
666 1814 749 1864 Voss.
768 1808 801 1864 A.
820 1811 879 1862 Pet.
897 1812 968 1865 hor.
987 1811 1063 1875 agn.
1087 1810 1148 1862 ete
1167 1807 1218 1861 aiii
1235 1821 1296 1860 cnm

207 1896 212 1903 ·
240 1885 290 1933 Ed.
310 1882 369 1932 inc.
386 1883 481 1932 forsan
500 1895 549 1945 pro
566 1883 649 1946 peria
667 1877 788 1933 accus.“
810 1882 870 1932 Pei.
885 1881 968 1933 Voss.
988 1883 1022 1931 A.
1038 1882 1114 1943 agn.
1132 1880 1200 1931 [ιον.
1220 1881 1295 1933 cote.

239 1953 308 2003 Lob-
326 1953 409 2002 naor.
434 1952 493 2002 Pet.
515 1952 574 2004 Pai.
592 1953 676 2008 conii.
696 1954 778 2013 Bong.
796 1952 830 2000 A.
849 1950 889 2000 ΡΙ.
918 1951 983 2006 Par,
1001 1952 1035 2001 A.
1056 1952 1144 2000 Haeo.
1170 1951 1218 2002 Dr.
1239 1951 1295 2000 AB.

239 2018 318 2073 Vret.
337 2023 392 2071 Aa.
410 2021 489 2073 (ioth.
507 2021 538 2070 B.
558 2022 653 2073 liano.
671 2021 723 2071 iia.
741 2021 822 2070 Vind.
834 2020 890 2069 ΕΡ.
913 2021 996 2083 paria
1013 2020 1086 2069 (doit.
1104 2021 1172 2073 wir.
1190 2019 1296 2084 parari

238 2091 322 2141 Vind.
340 2091 385 2141 ci.
404 2092 508 2154 partes
527 2092 636 2154 parari
648 2091 762 2141 indocto
778 2090 884 2152 pareri
904 2091 993 2140 aerbo
1015 2089 1076 2146 cod.
1094 2088 1176 2141 'turn
1213 2090 1294 2139 Alte-

235 2171 296 2210 rura
313 2160 470 2210 accusativi
488 2163 640 2222 exemplum
657 2161 729 2222 epod
747 2155 894 2209 Caesarem
919 2172 971 2210 non
989 2157 1097 2208 inveni:
1125 2158 1204 2209 Alex.
1223 2155 1294 2224 8q4

235 2232 265 2279 et
282 2228 333 2293 18,
351 2232 368 2279 8
387 2229 495 2280 libriin
519 2242 608 2292 poree
624 2227 812 2292 consentiunt,
839 2229 908 2288 quod
931 2230 957 2277 ir.
976 2228 994 2276 Ι.
1018 2228 1092 2279 liae.
1114 2225 1148 2277 A.
1166 2230 1195 2278 et
1211 2228 1293 2279 vind

236 2304 271 2348 A.
294 2310 355 2348 cum
379 2297 492 2360 reliquis
516 2308 626 2359 praeter
650 2299 705 2350 inc.
729 2295 890 2347 editionibus
914 2296 1034 2347 tuentur.
1070 2298 1165 2359 Neque
1182 2296 1293 2348 onden-

237 2368 367 2429 dorpics,
386 2381 439 2432 qno
456 2372 570 2419 auctore
587 2366 770 2430 Nipperdeins
788 2379 819 2415 se
835 2364 919 2429 petie
936 2365 1055 2416 edidisse
1073 2365 1210 2433 ostendit,
1228 2368 1293 2419 tan·

236 2445 293 2486 tarn
311 2436 441 2486 tribuisse
457 2436 631 2487 coniecturae
648 2447 716 2486 scae
734 2435 852 2485 videtur.

271 2505 393 2566 generis]
420 2505 522 2569 peaerd
541 2506 621 2555 Goth.
642 2507 672 2555 B.

272 2572 450 2634 monitiones]
468 2574 631 2625 monitione
649 2573 731 2623 Voss.
744 2575 774 2624 li.

271 2641 395 2701 accidat]
418 2643 539 2695 accedat
563 2645 632 2695 [cv.
657 2642 740 2693 Febr.
764 2640 914 2694 acueret
937 2643 1037 2707 „lacn
1061 2640 1135 2692 (icit.
1157 2642 1241 2694 Voss.
1261 2639 1291 2693 c.

237 2710 308 2762 Dok.
333 2712 420 2765 Dorv.
446 2714 515 2763 lida.
538 2728 585 2777 pp.
609 2708 770 2777 aiiaeqne.“
805 2712 881 2765 ocii.
904 2712 956 2763 Lo.
986 2712 1068 2764 Febr.
1087 2711 1146 2762 Pei.
1169 2713 1217 2763 Dr.
1236 2712 1293 2764 AB.

253 2877 321 2944 cap.
339 2880 384 2934 ⁷4.
408 2880 436 2943 s.
457 2886 472 2933 1
498 2894 580 2945 pares
604 2882 725 2944 eiusdem
766 2882 844 2946 ipsae
869 2880 1016 2945 praesidiis
1039 2880 1194 2944 indigerent
1216 2881 1292 2941 (sine

201 2951 312 3014 generis
344 2950 520 3011 munitionel'
538 2953 592 3003 diis
629 2953 724 3004 verbis
767 2952 913 3016 praesidiis
937 2952 1010 3003 enirn
1030 2963 1117 3015 agger
1133 2962 1168 3001 ac
1188 2954 1293 3004 vaiicra

201 3023 266 3069 enni
280 3018 326 3082 qui
340 3033 393 3071 non
407 3022 494 3073 scium
508 3022 601 3074 iassae
619 3031 647 3072 et
663 3023 724 3085 cip·
767 3031 911 3084 turresque
936 3022 1010 3073 naiio
1034 3035 1087 3071 usu
1109 3027 1206 3082 erant)
1229 3023 1292 3086 qai-

200 3100 252 3151 μου
266 3093 294 3138 et
306 3090 366 3141 iilia
379 3099 407 3139 et
425 3090 560 3158 stimulos,
580 3092 628 3141 sed
642 3093 725 3142 etiam
770 3094 821 3143 bue
840 3091 984 3154 praesidiis
1001 3091 1077 3152 prius
1094 3103 1129 3140 ne
1152 3091 1217 3152 ipsa
1234 3090 1292 3141 cir-

201 3168 330 3222 aggerenr
368 3171 404 3213 ac
430 3161 542 3212 ‹vaiinnr
581 3170 725 3224 turresque
767 3162 1023 3223 confunderentur,
1049 3159 1144 3212 caveri
1169 3160 1291 3227 deberet,

201 3226 353 3290 significari
379 3231 516 3292 statuant3
547 3231 646 3294 quibus
674 3232 725 3281 ad·
767 3245 846 3296 quam
871 3230 934 3281 aiiis
954 3229 992 3280 'ne
1016 3229 1042 3279 id
1061 3230 1214 3291 accideret,
1242 3241 1292 3281 ca-

200 3304 329 3346 versatur
346 3301 416 3361 qood
430 3311 511 3361 pares
529 3301 578 3349 irae
596 3300 726 3351 munitio-
767 3304 873 3351 serent.
917 3301 993 3361 Quae
1018 3299 1182 3351 munitiones
1207 3298 1292 3362 igitur

199 3376 251 3417 nea
268 3375 364 3418 contra
381 3368 543 3418 exteriorem
568 3370 723 3420 conteneo
767 3382 802 3421 ne
825 3371 933 3419 iliarum
958 3366 1099 3430 praesidia
1121 3368 1293 3419 circumien-

199 3435 318 3487 consilic
347 3437 489 3498 periectas
519 3437 660 3504 dicuntur,
694 3447 724 3488 ut
766 3440 911 3504 donentur,
929 3437 1055 3489 effecisse
1077 3436 1221 3505 dicuntur,
1239 3449 1291 3489 eae

199 3516 236 3556 ne
271 3519 371 3570 magna
408 3507 515 3568 quiden
551 3507 723 3558 multitudine
766 3519 820 3559 noo
839 3504 914 3558 aliae
935 3519 1001 3557 esse
1024 3514 1185 3571 potnerunt,
1209 3519 1290 3571 quarn

198 3576 392 3627 manitionem
429 3577 566 3638 praesidia
603 3578 722 3628 circom-
766 3588 836 3642 quae
852 3577 910 3627 sine
922 3575 1068 3640 praesidiis
1083 3578 1204 3640 seipsae
1217 3574 1292 3627 tueri

198 3645 276 3695 tandi
295 3654 415 3707 possent.
455 3646 621 3698 Mundiores
639 3647 721 3712 enim,
764 3650 893 3712 possent,
918 3648 968 3697 Aac
993 3649 1036 3697 est
1061 3647 1174 3710 iassae,
1206 3645 1290 3712 cippi,

198 3725 312 3776 quarum
336 3719 506 3767 curandarum
530 3728 616 3769 causa
632 3729 722 3768 novae
764 3717 841 3778 iilia,
860 3716 971 3771 stimuli.
998 3716 1051 3766 sed
1068 3728 1103 3766 ne
1119 3716 1288 3778 nasqnidear

198 3782 292 3833 iactae
318 3786 545 3849 erudirentur,
570 3799 623 3837 non
642 3787 721 3850 ipsae
766 3796 858 3837 onnes
876 3787 983 3838 omnino
1007 3796 1090 3846 pares
1108 3784 1289 3838 interioribus

198 3862 289 3902 novae
307 3854 488 3919 diversaeque
506 3855 541 3905 ab
560 3856 634 3918 iliis,
652 3868 723 3920 quae
765 3856 854 3908 inisse
872 3868 907 3907 ex
925 3856 979 3922 iis,
995 3865 1066 3918 quae
1085 3868 1110 3904 c.
1127 3853 1162 3905 ei
1181 3854 1208 3916 s.
1226 3854 1245 3907 2
1260 3854 1290 3904 et

198 3931 224 3971 c.
241 3920 277 3970 ⁷2
299 3923 456 3990 descriptae
476 3931 560 3992 sont,
584 3926 632 3975 sed
655 3937 721 3976 eae·
765 3938 790 3983 c.
808 3924 843 3976 82
860 3924 887 3985 S.
908 3927 923 3976 1
941 3928 1083 3989 tegantur,
1102 3927 1226 3985 apparet

198 3988 260 4039 dero
278 3990 365 4041 videri
386 3994 492 4043 debent.
535 3996 635 4045 Iterum
654 4005 723 4045 vero
815 4003 847 4045 at
863 4006 895 4044 ne
913 4004 1010 4056 magna
1027 3991 1146 4060 quidem]
1165 3992 1209 4046 Gi.
1225 3994 1289 4047 adn.

198 4059 339 4120 praesidia
356 4072 392 4109 ne
405 4061 440 4111 ab
453 4062 530 4111 noste
543 4064 723 4114 circumdandi
765 4066 800 4117 ad
819 4065 852 4131 1,
869 4059 906 4115 48
923 4062 949 4125 s.
966 4068 992 4116 a.

198 4132 329 4191 possent,
358 4140 412 4179 non
438 4130 570 4182 eiusnodi
593 4134 721 4184 munitio·
818 4133 843 4183 si
868 4133 908 4184 ita
925 4133 1040 4186 ¹accidat
1063 4130 1123 4183 eius
1148 4129 1289 4199 discessu]

198 4197 278 4253 ninus
297 4198 424 4252 effectum
447 4199 502 4252 dici
525 4202 627 4270 percit,
651 4212 723 4269 qnae
763 4202 939 4271 Antioaidree
956 4200 1124 4269 interpretes
1143 4214 1162 4254 a
1182 4202 1289 4255 Graeco
