2700 4726
413 307 546 381 ἨΒ.
571 310 654 381 vii.
699 310 820 383 GAP.
845 314 891 382 2³
1139 316 1207 385 309

112 496 211 579 bunt,
233 505 271 575 ot
290 506 426 588 apertos
447 500 621 567 anniculos
635 508 795 590 praeusta
810 510 846 569 ot
860 508 1042 591 praeacuto
1060 503 1203 570 materia
1228 505 1248 569 5

112 596 151 656 st
171 589 250 678 pice
272 586 456 654 fervefacta
479 597 516 653 et
540 590 674 655 maximi
695 589 857 680 ponderis
872 591 965 660 saxis
985 590 1206 657 morabantur
1266 634 1272 653 .

112 676 360 762 moenibusque
395 674 682 773 adpropinquare*
702 677 941 768 prohibebant.
1006 681 1063 746 23.
1112 678 1207 745 Muri

113 771 229 832 autem
259 784 376 833 omues
400 762 526 832 Gallici
547 765 609 831 hoc
629 766 702 833 fore
726 767 837 833 forma
858 773 951 836 suut.
993 765 1128 833 Trabes
1151 765 1205 832 di-

182 954 212 1024 §.
236 952 254 1006 5
283 960 311 1003 et
333 955 447 1016 opertos
465 951 828 1024 cuniculos-prottteoont]
858 967 910 1009 orn.
927 956 987 1009 coi.
1006 958 1100 1007 lirant.
1120 955 1205 1007 Voss.

146 1023 229 1076 ΑΒΘ.
246 1016 325 1073 Leitl.
343 1023 397 1078 lic.
416 1027 483 1076 [inv.
501 1026 578 1088 Egm.
598 1025 671 1075 Gott.
688 1026 771 1077 Dorv.
791 1027 851 1078 Pal.
870 1028 934 1077 Par.
950 1030 983 1077 A.
1003 1028 1053 1077 Dr.
1073 1027 1103 1078 li.
1121 1026 1205 1076 Vrat.

146 1092 229 1145 nuc.
246 1093 326 1145 Gotb.
342 1092 374 1150 Β.
391 1094 488 1144 liamb.
506 1094 559 1144 (iu.
575 1094 659 1144 Vinti-
675 1093 754 1145 iiiiii.
767 1096 842 1146 Rom.
857 1107 883 1145 u.
896 1097 968 1154 Meti.
986 1108 1013 1149 a.
1027 1095 1098 1146 Veu.
1113 1094 1204 1146 berlei.

143 1165 215 1221 Met.
252 1162 285 1213 ln
305 1162 364 1212 l’et.
381 1164 466 1216 conii.
485 1163 660 1214 haecomnia
677 1162 844 1227 inmergine
861 1176 880 1215 a
896 1179 931 1216 m.
949 1178 990 1228 pr.
1009 1172 1072 1214 suut
1090 1165 1204 1226 scripta.

148 1232 181 1283 iu
202 1230 287 1282 Vini.
306 1227 353 1283 cl.
369 1234 432 1286 Ber.
450 1234 480 1284 et
497 1234 616 1296 apertos
633 1232 791 1299 cuniculos,
806 1236 835 1284 in
854 1235 934 1286 carr.
954 1243 983 1284 et
996 1235 1067 1285 Dok.
1084 1235 1205 1298 apertur

147 1301 297 1353 mulcator
314 1302 423 1353 desunt.
457 1301 511 1351 Pro
528 1302 648 1366 apertur
667 1300 814 1353 cuniculos
831 1305 879 1357 Dr.
894 1308 927 1355 Α.
944 1305 1049 1367 aperto
1062 1303 1205 1364 cuniculo,

109 1372 116 1387 ⁰
146 1372 212 1423 Aio.
231 1371 256 1420 b.
274 1372 394 1435 opertos
409 1371 556 1432 Cuniculo,
577 1383 625 1432 pro
644 1374 785 1435 praeusto
804 1374 888 1424 Vinci.
906 1372 937 1425 C.
953 1375 1087 1437 remota,
1106 1383 1157 1434 pro
1173 1375 1205 1424 et

146 1448 215 1493 aute
231 1444 395 1504 praeacuto
416 1443 462 1494 Dr.
481 1442 516 1494 A.
533 1442 641 1506 atque,
663 1442 726 1491 Ber.
746 1441 842 1508 etiam,
861 1455 911 1504 pro
930 1442 1050 1493 montore·
1068 1441 1151 1493 vini.
1170 1445 1204 1492 lt.

145 1510 300 1628 constabulo,b
310 1511 424 1576 denique
441 1510 688 1579 adpropinquare,
705 1521 759 1560 uon
775 1525 852 1578 opp„
870 1511 941 1563 iiam
958 1512 1041 1563 Vino.
1054 1514 1088 1563 A.
1105 1510 1204 1577 (lioug.

146 1584 198 1641 Α.)
219 1593 252 1629 ex
273 1580 282 1627 i
301 1586 339 1634 ct.
814 1586 817 1591 ·
846 1616 849 1625 ,

181 1664 252 1726 cap.
270 1666 314 1715 23.
341 1663 369 1727 S.
386 1666 403 1714 1
427 1662 499 1715 Muri
522 1667 613 1716 autem
632 1676 726 1716 omnes
745 1663 846 1715 Gallici
864 1664 918 1714 irnc
939 1666 1000 1715 iere
1016 1665 1106 1717 forma
1125 1666 1203 1727 suut]

145 1735 248 1786 Morio
265 1748 294 1784 aa
312 1733 440 1786 omnibus
457 1733 574 1784 Gallicis
591 1733 663 1784 baec
679 1735 704 1798 r.
722 1734 745 1800 r.
764 1735 809 1785 est
824 1727 859 1786 V.
878 1734 906 1783 C.
925 1736 988 1784 Urs.
1006 1735 1068 1785 Not.
1087 1736 1115 1786 S.
1133 1737 1205 1790 Ani.

145 1805 201 1855 ox.
218 1803 300 1854 heiti.
318 1809 351 1856 A.
371 1806 443 1855 llov.
460 1806 495 1855 A.
516 1803 599 1855 Vini.
617 1808 651 1854 A.
671 1804 712 1853 lu.
733 1817 791 1866 sqq.
826 1803 975 1865 vulgatam
994 1807 1061 1854 unte
1078 1804 1206 1870 Scalige-

94 1900 98 1911 ‹
146 1887 210 1925 rum
234 1873 378 1923 lectionem
397 1873 466 1925 oui.
486 1872 648 1932 simpliciter
665 1868 836 1935 „reliquis“
854 1871 950 1923 tribuit
968 1873 1128 1939 codicibus3
1154 1877 1206 1926 secl

146 1943 178 1993 in
197 1942 286 2004 Bong.
304 1941 338 1992 A.
363 1940 405 1992 Pl.
424 1941 590 2003 proliacum·
614 1941 669 1991 boc
686 1941 788 2003 legitur
804 1939 927 2006 polliae,
950 1939 1014 1993 item
1031 1955 1067 1994 oc
1084 1954 1133 2006 pro
1150 1942 1205 1996 boc

145 2012 176 2062 in
196 2013 281 2062 voss.
301 2015 335 2061 A.
358 2011 443 2062 Febr.
469 2012 532 2061 Pur.
550 2012 585 2059 A.
610 2011 708 2061 liamb.
727 2016 755 2059 et
772 2008 876 2060 Gallici
894 2021 992 2061 omnen
1009 2024 1059 2074 pro
1078 2025 1105 2062 o.
1124 2011 1157 2062 G.
1175 2014 1225 2064 in‘

146 2082 224 2137 cort.
245 2081 315 2133 Wb.
332 2081 383 2131 Dr.
398 2076 432 2129 A.
451 2082 533 2130 Vrut.
551 2079 582 2127 B.
604 2080 656 2129 tiu.
678 2079 758 2129 Vini.
777 2078 819 2144 lt,
836 2084 951 2141 quorum
967 2092 1003 2129 ex
1020 2081 1106 2142 primo
1123 2081 1206 2133 Febr.

146 2150 272 2203 ordinem
296 2149 403 2214 quidem
427 2147 625 2201 adiectivorutu
640 2148 800 2216 inversum,
819 2148 869 2198 sed
886 2158 982 2200 casnm
1003 2150 1032 2198 et
1049 2149 1127 2201 verbi
1145 2151 1206 2201 ois-

110 2319 216 2375 uoetris
247 2288 417 2383 incognitos,
448 2319 543 2370 trabes
574 2316 648 2373 illos,
682 2315 831 2382 relinquit..
864 2314 939 2368 Fieri
962 2320 1053 2369 eutero
1071 2316 1161 2381 potuit
1176 2327 1207 2372 ut

110 2390 220 2443 tiixisse
245 2384 354 2439 Caesar
379 2387 489 2438 vitetur
511 2387 641 2450 directus,
682 2390 731 2438 vel
748 2388 1014 2451 asperulatorious,
1032 2389 1208 2450 quemadmo-

110 2460 148 2515 ιὰ
163 2459 295 2525 quattuor
313 2456 399 2508 turris
416 2456 641 2520 uniuscuiusque
683 2457 746 2507 tium
769 2455 988 2520 Apolloniatibus
1010 2458 1086 2521 apuu
1108 2458 1208 2510 Vitru-

111 2530 230 2594 angulos
248 2531 364 2591 stantes,
382 2526 458 2577 iutra
475 2538 545 2590 quas
559 2527 641 2576 tabu·
682 2526 757 2577 vium
775 2529 818 2590 1⁰,
838 2529 871 2577 16
889 2525 915 2586 S.
929 2528 957 2589 9,
973 2538 1019 2576 res
1036 2526 1209 2590 nuntiaretur

111 2600 171 2652 lats
188 2605 263 2663 sunt,
278 2608 350 2660 qnae
362 2596 450 2646 maios
464 2596 642 2660 coniungunt,
682 2594 909 2660 Avaricensibus,
927 2595 984 2662 vel,
1001 2595 1075 2645 siout
1089 2597 1208 2648 Ambra-

113 2666 281 2720 commiosor
301 2671 393 2716 autem
417 2677 466 2716 seu
482 2665 641 2716 coutunctos
683 2665 763 2716 ciotis
789 2665 863 2728 apud
887 2663 996 2715 Livium
1017 2663 1068 2728 ³8,
1098 2664 1160 2724 75.
1179 2666 1208 2728 7,

110 2740 202 2791 nelos
230 2737 307 2787 binos
328 2736 444 2785 duarum
467 2733 582 2784 turrium
601 2732 642 2782 si·
681 2733 807 2785 cumulus
830 2736 959 2795 repentae
978 2736 1070 2785 terrae
1087 2733 1209 2784 eminens

112 2807 251 2873 guiricus
271 2804 394 2855 voluisse
409 2803 467 2869 ita,
483 2806 514 2852 ut
532 2805 567 2852 ab
587 2813 643 2867 una
683 2803 765 2853 index
781 2801 873 2864 operis
891 2801 988 2866 lieret,
1016 2804 1061 2852 vei
1078 2803 1132 2864 ipsi
1149 2802 1209 2852 suis

111 2876 184 2929 turri
197 2876 234 2926 ati
247 2876 362 2924 alteram
375 2872 452 2936 tigna
466 2872 642 2936 pertinerent,
683 2871 712 2922 in
736 2870 870 2921 cuniculis
894 2872 946 2921 snb
970 2882 1072 2935 aggere
1090 2872 1208 2922 sonitum

112 2947 213 3011 quibus
235 2943 319 3007 tignis
336 2953 433 2992 rursus
452 2941 537 2994 turris
554 2942 642 2991 instar
681 2939 843 2992 fodientium
856 2940 1208 3002 Romanorum·accipereut

110 3017 267 3067 tabulatum
291 3012 492 3077 imponeretur,
523 3011 551 3060 io
575 3020 643 3062 vero
683 3013 766 3071 atque
796 3007 859 3059 iude
882 3013 1072 3060 transversam
1096 3011 1148 3059 sibi
1171 3011 1208 3061 ad

112 3098 168 3137 oon
183 3096 231 3147 per
245 3087 329 3134 toturn
343 3082 565 3147 murum‚se‹iea
578 3087 643 3129 tun·
684 3091 776 3130 eurum
806 3078 949 3131 cuniculos
979 3079 1054 3130 viam
1083 3081 1209 3130 iacerent

111 3161 170 3205 tum
184 3166 219 3203 ex
232 3160 311 3215 parte
324 3151 506 3216 funtanense,
519 3151 643 3213 adquam
684 3152 712 3198 et
734 3159 753 3198 a
769 3149 858 3199 lutera
876 3160 925 3199 eos
943 3149 1082 3211 aperirent
1097 3151 1126 3198 et
1144 3160 1208 3209 per·
1224 3150 1228 3157 '

112 3226 207 3274 turres
228 3224 409 3274 Romanorum
425 3219 455 3269 in
472 3230 574 3284 aggere
592 3232 642 3268 ex·
682 3218 819 3268 iurarent.

112 3296 239 3344 structae
256 3296 422 3354 spectarent
458 3280 460 3291 '
734 3283 801 3346 cup.
817 3287 864 3337 23.
877 3283 905 3345 S.
923 3286 938 3336 1
956 3285 1060 3337 trebes
1075 3282 1208 3347 directae,

166 3360 231 3422 §.⁵
259 3362 370 3421 apertos
393 3354 642 3408 cuniculos—mo·
682 3364 831 3417 perpetuae
853 3356 882 3404 iu
900 3355 1209 3418 longitudinem-con-

112 3427 260 3497 rabantur]
286 3425 466 3490 impellebant
482 3437 535 3487 qno
552 3426 642 3476 minus
683 3426 823 3483 locantur]
857 3426 1003 3476 Adiectiva
1027 3426 1054 3473 b.
1079 3424 1098 3472 l.
1118 3421 1209 3486 quaii-

112 3500 293 3564 procederent
305 3509 401 3560 eoque,
421 3506 473 3556 quo
486 3496 641 3560 tendebant,
683 3497 755 3544 tates
780 3493 935 3556 significant
952 3506 1007 3543 non
1024 3492 1146 3542 trabibus
1165 3491 1209 3541 in-

110 3568 312 3635 petrenirent3
330 3567 401 3627 quod
418 3570 510 3615 tameo
527 3565 640 3615 efficere
681 3565 843 3627 haerentes,
874 3563 923 3612 seu
942 3562 1119 3613 collocatione
1139 3561 1209 3610 effe-

112 3636 301 3691 Avnriceuses
326 3647 381 3686 nou
409 3636 553 3698 poterant,
587 3634 641 3685 uisi
683 3636 847 3697 ctas‚unum
861 3631 1011 3695 inungulis
1024 3631 1209 3697 conspicuam,

112 3712 143 3759 et
165 3718 185 3759 a
209 3705 340 3757 Romanis
368 3716 473 3767 quoque
498 3704 641 3754 cuniculos
683 3713 752 3765 quos
775 3702 811 3751 uti
834 3701 996 3752 exteriorem
1019 3701 1090 3750 muri
1107 3700 1208 3750 lineam

112 3776 236 3843 agi‚·et
260 3774 359 3839 quibus
385 3775 456 3824 locis
485 3777 640 3836 agerentur,
683 3771 809 3821 adiectae
823 3782 905 3832 pares
919 3769 1041 3833 utrinque
1056 3782 1106 3820 sen
1118 3779 1209 3820 rectos

110 3840 248 3897 eei-times
274 3843 344 3894 iacti
367 3849 461 3892 essent
485 3845 513 3892 et
540 3845 641 3892 aditum
684 3836 794 3906 notent,
810 3842 926 3890 niteram
941 3842 976 3889 ul
995 3839 1096 3902 prioris
1115 3841 1209 3889 cuius-

111 3916 167 3966 sibl
186 3915 222 3965 ad
238 3924 287 3964 eos
305 3913 487 3974 paravissent.
522 3913 575 3961 Sed
592 3915 641 3962 no·
684 3921 737 3973 que
754 3908 841 3961 nabis
857 3910 978 3961 ultimam
997 3909 1210 3973 posteriorisque

111 3997 176 4036 rum
199 3982 319 4036 omnium
343 3982 461 4043 scriptor
479 3994 562 4031 unum
579 3984 643 4032 tun-
684 3981 800 4040 prinam
816 3987 921 4040 partem
935 3978 1121 4044 pertinentem,
1139 3989 1210 4043 quae

111 4059 172 4104 tum
188 4055 373 4116 demonstret,
391 4051 512 4114 apertos
528 4050 642 4101 cunicu-
685 4051 780 4109 partes
793 4048 868 4099 nullo
879 4047 1020 4098 seiunctae
1031 4051 1123 4111 spatio
1136 4049 1210 4096 iuter

111 4125 194 4175 culos
210 4123 323 4186 uicem,
346 4120 438 4182 priora
455 4119 536 4184 quasi
552 4122 642 4170 relatu
685 4131 717 4168 se
730 4117 898 4185 contingunt,
911 4116 1209 4180 itautqonetoueptu-

112 4203 168 4245 nou
188 4191 269 4257 sotio,
279 4191 362 4255 ulgus
377 4190 475 4242 lectori
491 4189 641 4255 supplente
679 4200 767 4241 resve
781 4187 911 4255 debotps
926 4185 989 4240 sive
1002 4188 1210 4252 uuuponeulte-
