2700 4726
326 368 328 385 ,
407 297 520 408 ω.
545 300 631 371 vu.
676 300 841 373 cuer
1109 308 1177 383 uo

77 482 280 550 Narbonem
310 487 594 574 proficisceretur.
637 490 686 558 Eo
711 514 785 559 cunr
810 493 975 576 venisset,
1012 495 1171 564 timentes
1194 498 1215 563 4

76 573 279 654 coufirmat,
319 576 490 661 praesidia
514 578 549 644 in
570 579 717 646 Rutenis
740 583 1020 666 provincialibus,
1050 581 1171 653 Volcis

75 660 315 741 Arecomicie,
339 662 585 732 'Tolosa-tibus
621 669 814 754 circumque
851 667 1047 738 Narbonem
1084 693 1192 757 quae-

73 751 152 814 iocu
173 749 330 831 hosticus
351 759 448 817 oront
462 751 615 836 finitimo,
636 756 824 835 constituit,
847 766 977 845 partem
995 758 1168 848 copiarum
1192 760 1213 826 5

147 927 176 988 s.
195 923 213 975 t
239 926 347 994 Volcis]
373 929 485 980 Volscis
511 931 559 982 Dr.
585 924 619 983 Α.
645 933 693 983 Gr.
712 944 737 982 o.
756 933 834 985 Turr.
854 933 947 984 Volcis
964 935 1044 987 Vrec.
1059 937 1081 986 B
1098 948 1117 988 o
1134 948 1169 990 m.

110 1009 153 1058 pr.
171 995 258 1046 Locis
276 1002 357 1046 vetus
374 999 544 1050 Hotomauni.
580 999 622 1050 Cf.
641 1004 702 1050 adu.
724 1013 765 1051 cr.
783 1002 818 1052 sd
835 1006 863 1069 (i,
882 1002 918 1054 24
935 1003 962 1064 S.
980 1006 1006 1053 2.
1261 995 1265 1007 '

146 1064 330 1125 Arecomicis]
351 1068 410 1118 Pet.
438 1068 520 1120 Febr.
546 1070 622 1128 (Par.
643 1068 691 1135 A.)
709 1071 756 1119 Dr.
776 1071 806 1122 B.
826 1071 1169 1126 Vrat.c.}1amb.Vimi.

109 1136 204 1185 Mo.
225 1135 276 1185 tir.
295 1136 318 1185 b.
339 1136 424 1186 Preti.
447 1137 485 1190 lu.
506 1152 564 1203 sqq·
582 1138 749 1191 Arecouicis
767 1140 847 1190 Vino.
867 1141 891 1192 1.
914 1141 1004 1192 Eciom
1022 1142 1124 1193 Gracci
1149 1144 1180 1200 ir

107 1207 213 1255 tenent.
239 1202 285 1255 Oi.
304 1205 401 1255 Ukerti
419 1207 491 1259 Gall.
517 1222 544 1269 p.
561 1211 623 1259 292.
648 1207 822 1259 Aretomicis
839 1210 941 1273 „nisit
965 1212 1025 1260 iere
1049 1209 1168 1262 omnes“

106 1276 169 1324 cod.
188 1276 282 1325 lirant.
308 1275 382 1324 Gott.
410 1276 460 1326 Cu.
478 1277 560 1330 Voss.
579 1282 613 1328 Α.
637 1279 713 1340 ligm.
732 1280 803 1327 Iicv.
821 1279 879 1330 Per.
901 1279 985 1331 conti.
1006 1281 1090 1343 Bong.
1109 1280 1167 1330 Ac.

106 1344 183 1396 flav.
201 1345 234 1392 A.
252 1344 332 1395 Vran.
352 1345 408 1395 AB.
427 1345 509 1397 vino.
527 1349 557 1397 li.
576 1356 604 1396 ec
622 1360 683 1396 cum
702 1348 809 1408 punctis
827 1348 878 1396 sub
899 1349 930 1398 to
948 1350 997 1402 Dr.
1012 1352 1044 1400 A.
1059 1350 1169 1401 Arcto-

106 1412 191 1464 micis
214 1413 294 1464 Goth.
321 1415 350 1461 B.
375 1414 540 1466 Aritomicr's
567 1417 626 1466 Pal.
649 1416 814 1466 ,iretouicts
839 1416 921 1466 vind.
950 1418 981 1469 0.
1001 1419 1168 1470 Aretomius

106 1481 193 1533 vind.
215 1482 249 1598 ΕΞ.
274 1483 432 1535 Artoruicic
449 1482 543 1551 ‚,at.“
559 1485 642 1538 Vinci.
658 1487 690 1539 D.
705 1488 765 1537 cdd.
781 1493 846 1536 anto
863 1487 902 1538 So.
924 1485 955 1538 P.
973 1489 1047 1540 Mun.
1060 1491 1123 1546 Alo.
1141 1489 1168 1539 b.

103 1552 186 1603 forr.
202 1552 226 1600 u
239 1564 279 1613 ps.

140 1619 313 1683 circumque]
331 1621 556 1687 circumquaque
572 1621 654 1673 Viuo.
674 1626 707 1671 Α.
777 1676 779 1680 ,

140 1691 311 1749 Narbonem]
340 1685 509 1742 Narbo'unm
543 1694 590 1744 Dr.
614 1693 645 1741 B.
672 1687 751 1744 Vino.
778 1693 810 1747 Ii.
824 1718 828 1725 -
842 1692 913 1744 Veu.
948 1693 970 1744 i.
998 1692 1168 1744 Norbonom

139 1829 206 1878 loca
224 1827 349 1879 hostibus
369 1829 462 1888 crunt]
479 1830 551 1879 Ante
564 1829 632 1880 oud.
649 1831 818 1894 vulgabatur
835 1831 900 1882 locu
917 1832 1006 1884 eraut
1025 1830 1166 1896 hostibus,

99 1899 175 1959 qood
202 1896 252 1947 iiic
277 1898 306 1947 in
330 1898 372 1947 ed.
398 1900 412 1946 1
439 1901 614 1962 „secundum
631 1895 735 1950 Mss.“
754 1899 984 1964 summutavit,
1017 1901 1166 1952 miamin

101 1968 175 2019 ven.
201 1967 222 2015 i.
249 1967 289 2016 So.
316 1966 364 2016 Gr.
393 1968 418 2016 b.
443 1968 526 2016 lircil.
548 1969 708 2032 legebatur,
744 1967 772 2019 in
791 1972 835 2021 cd.
856 1973 872 2018 2
893 1981 989 2020 rursus
1009 1969 1167 2032 praeposuic

103 2037 205 2100 eruut,
217 2048 312 2102 ‚neque
328 2036 357 2085 io
373 2037 453 2085 mole.
489 2036 533 2085 ci.
552 2034 587 2099 4,
613 2034 646 2086 25
665 2035 691 2096 §.
714 2039 745 2086 1:
779 2049 905 2100 quorum
924 2039 954 2088 et
971 2039 1080 2100 species
1098 2039 1166 2090 crat

101 2104 240 2156 barbaris
257 2104 429 2155 inusitatior·
447 2107 477 2156 et
498 2108 593 2156 motus
612 2105 651 2155 ud
668 2118 752 2155 usum
771 2107 948 2169 expeditior.
991 2107 1054 2160 civ.
1072 2111 1107 2175 2,
1129 2107 1166 2159 37

101 2173 130 2235 S.
150 2174 184 2227 5:
202 2174 305 2224 castro
324 2176 413 2225 crant
429 2176 468 2224 ud
486 2175 588 2225 tellum
605 2174 764 2226 ducendum
777 2177 936 2239 aptissimo.
972 2179 1053 2225 Alex.
1066 2172 1110 2244 45,
1129 2180 1165 2226 2:

101 2243 181 2311 quod
196 2245 229 2294 et
250 2245 405 2306 conspectas
424 2247 492 2295 erat
510 2245 679 2296 turbulenta
697 2247 726 2296 ct
738 2247 818 2296 uultu
831 2243 957 2308 suspicio
973 2245 1087 2297 hostis.¹
1111 2246 1166 2295 Seri

101 2313 216 2364 codices
247 2315 434 2374 refragantur.
477 2315 536 2376 Ego
561 2315 581 2364 l.
607 2328 631 2366 c.
656 2314 683 2363 Ιι.
709 2316 812 2364 tentum
832 2314 860 2364 iu
882 2311 958 2364 Vror.
979 2315 1009 2364 C.
1032 2317 1113 2365 Goth.
1132 2315 1163 2363 B.

99 2383 210 2446 inveni,
232 2390 260 2430 co
278 2384 348 2446 quoii
366 2383 393 2431 in
410 2384 492 2432 liabr.
512 2396 535 2434 e.
553 2385 573 2434 t.
590 2383 617 2432 Ic.
636 2397 671 2434 er
690 2384 750 2433 Pet.
769 2384 844 2434 Gott.
864 2385 948 2438 Voss.
966 2387 1000 2433 A.
1021 2387 1097 2448 ligur.
1115 2382 1164 2436 ai·

99 2454 200 2515 remur,
220 2452 291 2502 hano
311 2450 391 2500 cubic
411 2465 505 2502 errore
522 2454 635 2505 fectum.
672 2453 704 2504 lu
723 2453 788 2504 Por.
806 2455 840 2503 A.
859 2456 903 2504 est
919 2455 940 2504 l.
958 2454 1072 2506 hostiou
1090 2467 1114 2506 c.

137 2520 268 2581 finitimo]
290 2518 424 2586 finituma
443 2522 510 2579 ond.
528 2526 554 2577 2.

65 2657 260 2726 existimavit,
284 2659 315 2708 ot
333 2657 491 2715 Narbonem
509 2659 596 2721 proii-
640 2658 759 2716 ruccone
775 2674 806 2730 pu
822 2661 903 2730 gehen.
938 2659 1096 2721 Acciphuse
1115 2657 1166 2715 (562

63 2733 231 2784 cisccretnr.
277 2728 320 2779 cf.
340 2729 431 2779 Plaut.
449 2730 548 2778 Becco.
568 2734 595 2794 s,
638 2730 679 2795 foc
694 2730 774 2796 indite
792 2732 840 2797 ou(
858 2734 904 2786 otio
924 2730 1005 2796 isseiic
1020 2743 1050 2796 gu
1068 2729 1164 2797 cernitu

64 2802 183 2855 5v.1:
210 2799 306 2852 Rebus
324 2798 391 2849 uos
408 2800 595 2863 cutenortar,
638 2803 711 2865 bern!
730 2802 776 2867 nce
795 2814 820 2855 ct
841 2799 898 2863 oco)
920 2798 1007 2855 &otho
1025 2798 1086 2868 pige.

66 2869 210 2934 Bacchis,
234 2880 306 2934 quoe
324 2868 446 2919 mondus
463 2868 542 2918 milri.
566 2872 595 2917 ct
690 2869 719 2928 S.-
734 2869 760 2921 4.
778 2870 933 2931 praesidia]
957 2871 1030 2918 iiiuc
1046 2868 1165 2929 apparot

65 2942 117 3004 qui
142 2953 204 2991 cum
222 2950 361 3001 perronae
381 2938 475 2987 dativo
494 2937 595 3003 iungit,
638 2937 742 2989 milites
760 2940 832 2988 sutis
849 2942 951 2991 multos
969 2939 998 2989 in
1016 2936 1170 3008 provincio

64 3012 178 3061 Terent.
199 3011 270 3059 Eun.
288 3003 316 3072 4,
334 3006 350 3058 5
369 3021 397 3056 v.
419 3010 470 3056 12:
489 3007 595 3072 miror,
636 3008 742 3074 inisse,
772 3021 828 3072 qua
852 3010 885 3058 dc
904 3022 938 3059 ro
955 3011 1040 3059 antea
1060 3007 1163 3057 dictum

62 3081 113 3132 ubi
134 3093 187 3145 epo
204 3078 271 3128 icuic
288 3077 519 3144 anteverterim,
547 3076 595 3127 ubi
636 3089 692 3127 non
716 3080 769 3128 est.
806 3078 957 3129 Praesidiis
978 3080 1050 3129 euim
1070 3074 1162 3138 pluri-

64 3149 250 3201 intrsnsitivo
293 3146 397 3198 dictum
431 3149 483 3197 est.
511 3168 513 3171 ·
539 3147 594 3198 liic
636 3142 687 3197 bus
714 3148 744 3198 in
770 3148 842 3199 locis
875 3148 1035 3199 constitutis
1068 3148 1162 3196 tamen

64 3233 135 3272 vero
159 3218 341 3269 transitivum
365 3218 455 3267 estet
473 3228 524 3279 pro
543 3219 593 3268 ob·
635 3218 802 3279 supererant
827 3216 874 3280 qui
899 3219 930 3268 iu
957 3216 1072 3269 Helvios
1098 3213 1162 3264 duci

64 3293 139 3342 iccio
159 3291 243 3340 habet
264 3287 466 3349 profectionem
483 3288 593 3338 Narbo·
635 3290 759 3349 possent.
808 3287 850 3337 De
880 3288 1008 3340 evocatis
1042 3285 1161 3350 peridem,
1219 3304 1222 3308 ·

64 3374 138 3412 nem.
194 3360 299 3408 Veram
334 3356 593 3420 interpretationem
636 3358 733 3418 quibus
752 3354 886 3408 Crassum
903 3363 930 3423 3,
947 3358 983 3407 20
1000 3355 1027 3415 S·
1046 3358 1063 3404 2
1081 3367 1161 3404 usum

63 3426 190 3483 ostendit
226 3428 256 3479 iu
285 3430 417 3480 thesauro
449 3429 592 3478 Gesnerns
634 3426 1005 3492 cssclegtmus,nicnihil
1025 3424 1162 3488 estquod

63 3499 297 3567 praeferendum
315 3499 497 3562 adscribens,
519 3492 592 3560 cuod
634 3497 797 3562 cogitemus.

64 3584 121 3623 non
136 3569 310 3620 intellectum
328 3572 373 3617 cst
390 3570 424 3617 ab
440 3568 592 3631 Heruogio‚
689 3579 760 3629 quiae
774 3568 837 3617 ioca
854 3567 980 3617 nostibus
996 3564 1079 3615 erant
1095 3563 1162 3614 fini·

63 3654 119 3692 uec
142 3641 215 3702 fugit
237 3651 272 3688 eo
291 3638 437 3704 Heluium,
468 3639 515 3700 qui
532 3640 592 3687 c.6
637 3637 717 3696 tirno]
738 3638 814 3687 flacc
831 3640 917 3688 verba
937 3634 1070 3684 definiunt
1088 3634 1160 3697 quoti

64 3712 91 3772 s.
112 3714 129 3758 2
152 3707 259 3770 respici
282 3709 374 3758 iussit.
411 3707 543 3757 Sincerus
564 3711 592 3759 et
636 3707 761 3770 proxime
778 3706 880 3755 dictum
896 3707 940 3756 est
951 3706 1063 3756 circum
1075 3704 1160 3755 Nor·

63 3780 236 3833 nrcncrscus
254 3779 281 3828 et
297 3780 441 3840 Adolphus
453 3777 594 3841 Wagneri
636 3779 742 3829 bouem.
776 3778 838 3827 Nou
855 3777 927 3826 enim
945 3775 1038 3826 omnio
1054 3775 1160 3826 circum

61 3851 138 3903 alius
164 3849 249 3900 aliter
269 3849 416 3899 errarunt:
445 3848 492 3912 cut
510 3848 594 3913 mettin
636 3850 793 3899 Narbonem
829 3847 892 3897 ioca
923 3846 1056 3897 hostibus.
1077 3846 1160 3897 eraut

62 3920 173 3987 §cituco
199 3931 226 3972 er
248 3919 295 3983 oui
318 3921 363 3975 otte
389 3916 594 3983 succutiuntur
636 3919 769 3981 finitima,
800 3916 915 3979 iocoque
933 3929 1002 3978 opus
1021 3928 1078 3966 nou
1097 3915 1160 3965 eret

61 3991 144 4056 {Briso
169 3988 233 4054 icius
254 3986 352 4053 tibenin
379 3986 436 4049 noo)
456 3988 490 4037 Ν.
510 4001 538 4055 pu
554 3987 593 4044 bc
636 3993 666 4039 ut
689 3989 816 4040 omnious
839 3999 874 4037 cx
895 3988 1021 4048 partious
1039 3985 1159 4035 circum-
1184 4008 1194 4027 .

60 4058 215 4126 fmieunigen
261 4057 365 4124 prierint.
424 4058 593 4120 Franciscus
635 4061 804 4122 ponerentur
817 4058 965 4119 praesidis.
992 4056 1082 4121 vulgo
1097 4056 1160 4120 post

58 4130 210 4193 Wagner:
229 4125 592 4201 u.t)i21tftit'nitt)ip,oieicm
634 4129 801 4182 Narbonem
818 4127 950 4182 incidunt.

58 4198 251 4269 unruochum
280 4197 467 4266 corporeorum
492 4209 516 4253 o.
534 4197 591 4263 uoti)
672 4214 676 4233 ··
