2700 4726
453 170 565 337 bin.
589 247 680 353 vn.
712 247 900 323 onena
943 308 948 319 .
1140 254 1221 351 *na

119 434 277 503 bostium
318 431 447 502 Caesar
485 422 700 523 conspicatus
728 437 828 505 tectis
856 437 1045 522 insignibus
1080 460 1219 506 suorum

117 522 368 609 occultatisque
393 522 499 608 signis
525 524 739 613 militaribus¹
754 546 852 593 raros
872 527 1012 625 milites,
1035 548 1076 592 ne
1098 549 1138 592 ex
1152 549 1212 617 op·

115 611 199 698 pido
222 609 582 689 animadverterentur,
603 634 645 678 sn
670 612 853 678 maioribus
877 616 1000 681 castris
1022 616 1057 680 in
1080 615 1209 681 minora

115 699 270 766 traducit
290 699 493 787 legatisque,
513 721 598 786 quos
619 700 763 784 singulis
781 700 974 786 legionibus
989 703 1210 788 praefecerat,
1230 706 1256 771 8*

115 788 200 876 quid
224 787 300 857 lieri
323 786 629 868 vellet-ostendit3
652 786 687 852 in
710 788 830 872 primis
854 797 977 870 monet,
997 796 1037 855 ut
1058 792 1210 857 contine·

96 884 177 941 ‘ant
203 873 352 953 milites,
388 895 430 940 na
458 873 573 940 studio
603 874 775 963 pugnandi
798 884 857 943 aut
877 898 939 963 spo
961 876 1107 966 praedae
1133 879 1209 944 lon·
1281 927 1283 933 -

113 964 192 1048 gius
215 959 502 1052 prbgrediantur.'
529 960 622 1049 Quid
650 963 813 1050 iniquitas
835 965 907 1029 loci
933 965 1058 1030 habeat
1078 963 1249 1032 iudom-9

116 1050 228 1132 modi,
249 1050 425 1139 proponit:
447 1049 508 1115 hoc
528 1071 595 1116 una
618 1052 793 1117 celeritate
819 1073 920 1140 posse
943 1053 1087 1135 mutari;
1109 1075 1207 1121 occa-

155 1228 376 1291 quemadmodum
394 1228 504 1278 volebat
522 1226 635 1278 lteldius
653 1234 681 1277 et
700 1228 874 1295 sopiremus,
891 1228 1058 1282 sed'oertum
1075 1230 1206 1293 quoddam

150 1311 237 1362 genos
255 1298 369 1347 militum
384 1296 524 1363 Gallorum
538 1296 696 1359 significare
709 1299 844 1363 voluisse,
862 1297 1106 1363 exquirendumque
1119 1301 1206 1362 esset,

147 1375 239 1418 utrum
257 1377 306 1416 eos
325 1377 342 1416 a
359 1368 431 1429 loco,
448 1378 527 1428 quern
545 1367 632 1417 adbuc
649 1365 816 1435 tenuissent,
835 1377 870 1418 au
888 1369 922 1418 ab
943 1382 1005 1435 usn,
1024 1381 1102 1431 qoem
1120 1380 1204 1431 prae-

148 1437 286 1486 stitissent
309 1437 358 1485 vel
381 1435 537 1498 praestituri
563 1442 672 1499 essent,
702 1435 787 1497 petita
809 1436 991 1497 appellatione
1014 1438 1206 1490 munitionum

148 1506 244 1568 copias
267 1503 392 1558 dixisset.
435 1505 505 1556 Nam
527 1505 560 1554 de
588 1504 630 1552 nis
655 1504 779 1554 omnibus
796 1506 912 1569 cogitari
929 1519 983 1557 non
1004 1505 1098 1570 inepte
1117 1507 1145 1557 in
1161 1506 1205 1557 di-

148 1576 240 1628 ctione
255 1586 330 1624 nove
347 1582 375 1623 en
392 1573 523 1623 inusitata
541 1576 636 1633 posset
653 1577 681 1623 et
701 1585 732 1622 re
750 1574 932 1641 cerauniis,
951 1573 996 1638 qui
1015 1579 1085 1626 banc
1103 1575 1204 1627 lectio-

147 1658 210 1696 nem
235 1644 421 1707 secutisque,
457 1643 603 1706 cogitatum
622 1650 673 1693 est.
708 1644 909 1706 metaphrastes
927 1645 998 1697 enirn
1016 1641 1124 1699 ndreae
1142 1639 1205 1698 rotie
1301 1672 1317 1697 s

146 1708 205 1766 wir
220 1706 311 1771 itinn
327 1706 422 1762 τόπων
439 1707 571 1777 φρουρούε
587 1711 780 1772 interpretatus
797 1720 849 1777 est,
868 1712 998 1764 sincerus
1012 1717 1058 1771 pite
1073 1714 1125 1783 inre
1141 1713 1204 1770 diii:

147 1784 203 1850 der.
217 1781 256 1837 tic
271 1780 303 1847 tie
319 1795 348 1849 pe
362 1779 525 1848 ffietbttunp
545 1779 611 1847 itaet
625 1782 715 1847 espen
728 1779 879 1848 qebtcudnt.
895 1783 1040 1834 naucerus
1056 1785 1098 1834 tes
1115 1785 1204 1834 troar-

146 1864 200 1918 pee
226 1849 370 1902 destine'es
395 1847 415 1900 n'
440 1850 469 1898 lu
494 1847 613 1914 de'fense
637 1850 688 1899 des
711 1852 815 1911 places.
851 1853 929 1901 Nunc
945 1853 985 1903 od
1004 1852 1205 1915 praepositione

148 1925 253 1972 temere
270 1919 374 1971 omissa
390 1920 493 1969 iactum
513 1919 630 1980 videtur,
647 1922 677 1967 ut
694 1931 744 1979 pro
761 1919 950 1972 bannitionem
967 1921 1123 1972 scriberent
1139 1934 1205 1974 mu-

148 1990 301 2043 nitionum.
338 1987 380 2039 Gi.
399 1989 460 2038 adn.
479 2000 520 2036 cr.
537 1988 572 2037 ad
591 2000 617 2036 c.
634 1985 669 2037 42
686 1985 712 2046 S.
733 1989 760 2037 6.
972 1994 985 2011 ³

183 2056 211 2125 §.
238 2057 326 2124 ine]
352 2069 406 2123 qne
433 2056 513 2107 vind.
532 2057 565 2105 u.
588 2055 637 2120 qni
654 2053 819 2120 „nonan
838 2057 922 2108 Voss.
939 2052 1020 2108 ABG.
1036 2058 1108 2110 Lar.
1125 2059 1205 2120 Egm.
1244 2102 1246 2107 .

147 2130 242 2181 lirant.
261 2131 279 2178 6
296 2126 353 2176 al.“
371 2128 446 2176 Gott.
463 2125 533 2176 Lbb.
554 2127 635 2188 dong.
651 2126 681 2174 0.
695 2125 759 2175 Pal.
777 2125 842 2176 Par.
855 2127 889 2175 A.
901 2127 948 2178 Dr.
961 2128 1017 2180 AB.
1031 2128 1111 2179 Vrat·
1124 2127 1205 2177 ABG.

146 2201 228 2250 Goth.
240 2197 272 2248 B.
292 2197 389 2250 llamb.
404 2197 456 2246 Gn.
475 2194 556 2248 Vind.
572 2194 691 2244 cunni.
710 2195 771 2245 edd.
789 2203 853 2245 ante
871 2197 935 2246 Ald.
968 2197 1011 2246 Ne
1028 2197 1078 2246 hoc
1096 2195 1205 2259 quidem

144 2267 292 2319 bassetus
309 2275 461 2326 tempserare
480 2263 533 2313 sini
550 2264 638 2326 potuit
657 2263 722 2328 quin
740 2262 854 2316 caesari
868 2262 1030 2333 impertiret,
1048 2266 1099 2317 sed
1115 2265 1203 2317 inten-

145 2337 306 2402 pretandum
323 2334 421 2385 lectori
437 2332 554 2395 reliquit.

180 2400 477 2468 animadverterentur]
496 2402 659 2454 animando.
679 2404 749 2454 ven.
767 2402 793 2452 b.
811 2400 1101 2455 animadverteretur
1116 2401 1155 2454 V.
1172 2400 1206 2456 (ii

146 2473 215 2528 vis.
232 2474 295 2523 Not.
320 2471 365 2520 cui
388 2469 536 2532 singularis
561 2483 615 2520 non
636 2469 800 2521 reliciendus
819 2472 973 2537 videbatur,
991 2473 1063 2523 llev.
1090 2473 1123 2524 A.
1145 2483 1205 2522 eea.

147 2544 210 2595 ltlb.
234 2549 263 2590 ct
277 2539 368 2590 -Vind
389 2533 422 2587 A.
444 2540 678 2605 adverterentur
696 2540 773 2590 Leid.
792 2537 828 2590 A.
862 2540 933 2590 liinc
952 2549 982 2591 et
997 2554 1032 2590 ex
1049 2553 1099 2605 eo,
1132 2536 1211 2603 quod

146 2623 198 2677 pro
213 2623 251 2662 ne
270 2615 309 2659 tot
327 2608 436 2658 codices
453 2608 580 2659 exbibens
598 2608 647 2674 qni
660 2608 726 2658 Oud.
740 2607 888 2660 Gaesarem
906 2609 1053 2672 scripsisse
1071 2608 1204 2661 conlinie-

146 2683 194 2735 bat
212 2676 264 2746 qui
283 2690 321 2728 en
339 2675 444 2741 oppiido
463 2689 522 2726 non
539 2679 782 2740 adverterentur,
800 2679 870 2740 quod
881 2678 952 2729 mibi
969 2691 1022 2729 non
1039 2679 1127 2744 tnagis
1146 2679 1203 2732 ha-

146 2752 231 2803 tinum
249 2746 368 2810 videtur,
389 2758 469 2808 quam
487 2745 556 2810 quin
575 2760 613 2798 ee
631 2747 734 2812 oppido
751 2747 818 2799 odo.
838 2748 885 2796 vel
902 2747 1048 2800 unimode.
1268 2808 1272 2813 ,

180 2820 208 2882 g.
225 2816 243 2868 8
267 2815 367 2879 veliet]
405 2815 505 2880 „velit
523 2816 605 2879 dung.
623 2818 658 2866 A.
674 2818 756 2867 Voss.
776 2816 810 2865 A.
830 2817 908 2872 cerr.
927 2824 956 2866 et
971 2814 991 2867 t
1008 2810 1090 2872 alii“.
1126 2815 1203 2875 Quod

147 2887 174 2940 sl
192 2899 288 2939 verum
304 2894 359 2952 est,
377 2897 438 2935 cum
455 2882 537 2934 etlam
554 2887 625 2938 llav.
642 2886 676 2939 A.
693 2883 777 2935 Vind.
792 2881 863 2949 Aci.
878 2885 948 2938 velit
962 2885 1116 2950 exhibeant,
1132 2884 1204 2935 baud

147 2956 229 3010 dubie
254 2954 359 3007 Caesar
383 2953 423 3004 ita
450 2952 600 3016 scripsisse
622 2953 818 3005 existimandus
846 2957 898 3005 est.
933 2957 985 3005 Sed
1009 2956 1042 3005 de
1061 2955 1146 3017 Bong.
1167 2955 1203 3005 A.

147 3028 225 3079 tacet
242 3024 300 3089 1²1..
317 3027 351 3073 de
367 3024 452 3075 Voss.
471 3026 506 3073 A.
526 3024 625 3088 usna,
643 3025 672 3072 et
689 3023 718 3072 in
735 3018 799 3074 P'er·
817 3025 872 3090 A.‚
887 3023 932 3088 qui
951 3024 1023 3076 solet
1039 3037 1100 3074 curn
1117 3024 1204 3075 Voss.
1263 3058 1266 3063 .

146 3094 318 3156 consentire,
334 3094 434 3149 lenitur
451 3093 547 3143 uellet·
564 3093 655 3152 (velet
674 3093 768 3157 Turn.)
1237 3099 1242 3111 ·

183 3165 211 3227 s.
228 3168 246 3215 9
265 3163 377 3223 mutari]
402 3162 506 3229 ‚,MSS.
523 3157 601 3213 x1.“
618 3161 676 3211 Pet.
696 3160 771 3212 Gott.
789 3162 873 3213 Voss.
890 3165 925 3216 A.
942 3165 1019 3229 legin.
1037 3163 1122 3224 ncng.
1142 3154 1202 3216 AC.

146 3236 208 3289 rai.
225 3235 289 3289 Par.
305 3238 341 3284 A.
357 3233 405 3283 Dr.
421 3232 475 3280 AB.
495 3232 577 3283 Vrat.
591 3229 648 3282 AG.
666 3230 746 3280 Goth.
758 3231 788 3281 li.
806 3232 902 3282 Hamb.
918 3233 969 3284 Gn.
988 3231 1069 3284 Vind.
1086 3228 1204 3281 ncnnl.

147 3306 209 3356 edd.
226 3297 368 3355 ante'llld.
387 3301 501 3352 imitari
518 3301 570 3352 inc.
590 3313 646 3349 sec.
660 3301 721 3351 nin.
740 3306 777 3363 et,
795 3299 824 3349 in
840 3314 875 3352 m.
889 3312 908 3352 a
924 3316 959 3354 m.
972 3315 1029 3352 sec.
1042 3298 1206 3363 immutari,

146 3375 230 3425 vrat.
249 3374 278 3421 B.
304 3370 398 3423 vitari
421 3372 494 3422 Har.
512 3372 545 3423 A.
569 3370 652 3420 vind.
670 3371 705 3418 A.
732 3370 794 3421 Ald.
819 3373 846 3421 et
863 3383 920 3433 sqq.
941 3373 1011 3434 quod
1033 3381 1082 3432 per
1099 3380 1131 3418 se
1150 3378 1205 3418 non

146 3441 281 3508 delemus,
300 3432 348 3490 sed
365 3452 425 3490 oum
444 3441 531 3490 altero
548 3448 733 3502 comparatum
751 3439 910 3501 glossematl
926 3440 1127 3491 simillumae
1145 3438 1206 3488 lta·

145 3525 200 3578 qne
217 3524 278 3563 oum
296 3510 423 3562 Diibnero
442 3518 470 3559 et
485 3509 648 3575 Nipperdeio
666 3510 783 3560 alterum
801 3508 928 3569 praetuli.

166 3650 196 3713 S.
215 3650 234 3702 7
254 3646 424 3713 insignibus]
453 3643 494 3702 Ci.
512 3651 540 3714 2,
557 3650 590 3699 et
611 3647 643 3708 S.
682 3644 801 3697 militum
824 3645 995 3708 pertinuisse
1021 3656 1046 3694 o.
1071 3639 1109 3696 47
1133 3641 1161 3705 S.-
1187 3645 1205 3692 2

110 3717 132 3773 A
151 3719 246 3781 inique
263 3719 420 3780 adscripta,
438 3717 535 3780 quibus
552 3717 640 3768 addas
683 3717 823 3769 doeemur.

112 3792 179 3841 Tac
193 3789 265 3839 Anu.
280 3791 306 3851 1,
327 3787 364 3838 24
380 3799 470 3853 neone
483 3787 641 3854 insiqniiee
1004 3819 1007 3823 -

112 3861 261 3927 tepentes
288 3859 443 3923 (legiones)
466 3858 538 3919 quod
558 3856 642 3907 aliter
738 3855 764 3918 s.
784 3855 803 3903 9
825 3853 939 3915 mutari]
969 3857 996 3906 ln·
1018 3867 1042 3905 e.
1060 3853 1151 3918 effici,
1174 3852 1207 3903 ut

112 3930 318 3992 interpretatur
337 3928 467 3978 ofellius.
684 3936 742 3976 non
775 3923 893 3986 amplius
929 3924 968 3977 sit
998 3924 1208 3976 incommodum.

166 4000 194 4063 s.
215 3994 540 4059 8ne10i.sdn.ado.
560 3989 639 4053 438.
683 3994 726 4046 cf.
746 3992 807 4044 civ.
826 3997 860 4059 2,
879 3998 913 4045 29
932 3996 957 4056 s.
979 3997 1010 4047 a:
1035 3991 1209 4046 nanneticam

112 4065 141 4119 5.
175 4069 312 4120 monitum
325 4068 416 4129 ipsum
430 4079 487 4117 non
501 4064 641 4115 solomed
684 4063 818 4115 oneraris
848 4063 1012 4132 benennam
1038 4061 1209 4118 mutaverat

111 4139 244 4205 legatos,
275 4137 325 4189 sed
349 4136 433 4191 etiam
456 4136 493 4188 ad
515 4132 641 4189 tribunos
674 4133 869 4199 ‚comestore
