2700 4726
403 285 508 356 iiis
536 283 625 357 vin
673 288 798 365 cni).
824 295 883 365 tt
1121 303 1191 377 483

103 486 264 558 gressus,
291 471 351 539 ubi
372 476 591 561 constiterat,
628 487 782 550 eventurn
804 503 936 570 pugnae
958 487 1189 575 exspectabat.

102 566 161 634 50.
184 560 269 631 curn
295 564 459 631 acerrime
477 568 663 636 comminus
686 573 1037 657 pugnaretur,wiroetce
1058 578 1133 644 loco
1152 585 1190 644 et

101 670 261 732 numero,
288 651 398 718 nostri
418 653 547 720 virtute
566 655 789 738 confiderent,
810 659 925 726 subito
947 669 1029 728 sunt
1050 663 1189 733 Haedui

100 738 168 807 visi
196 741 239 805 ab
266 739 374 842 ⁸laetere
401 742 530 821 nostris
559 754 695 830 aperte,
728 766 815 833 qnos
838 745 966 816 Gaesao·
994 751 1038 816 ab
1068 752 1188 822 dextra

99 832 202 984 Horta
228 827 296 892 alto
326 847 467 895 ascensu
500 851 621 900 manus
654 831 866 901 distinendae
900 856 1003 902 causa
1034 841 1188 912 miserat.
1221 897 1224 903 .

138 916 150 981 i
171 911 397 983 similitudine
419 936 586 985 armorum
605 921 819 988 vehementer
840 929 975 989 nostros
996 933 1189 1013 perterrue-
1210 936 1232 998 2

100 1012 202 1087 rnnt;
239 1024 278 1069 ac
307 1004 447 1071 tametsi
470 1003 602 1074 dextris
624 1009 775 1078 humeris
797 1012 924 1077 exertis
944 1012 1191 1084 animadverte·

167 1178 347 1242 constiterat]
365 1181 561 1235 ccnetitreeret
578 1184 660 1236 vind.
675 1186 725 1238 ai.
742 1187 825 1239 Vrat.
844 1185 874 1237 ii.
893 1187 981 1238 lircil.

167 1250 235 1313 cap.
253 1248 297 1301 50.
312 1249 373 1317 spi
392 1254 577 1318 pugnaretur]
595 1266 647 1306 cm.
666 1256 750 1321 Bong.
771 1258 804 1306 Δ.
821 1256 907 1309 Vces.
923 1254 1002 1334 ABq.
1021 1258 1099 1324 ligni.
1113 1258 1190 1315 acet.

133 1320 213 1371 uero.
232 1320 263 1370 c.
291 1320 355 1368 aar.
375 1324 408 1370 s.
434 1324 483 1372 nr.
503 1324 530 1372 n
552 1335 622 1375 nn.
641 1339 684 1389 pr.
701 1326 782 1376 vrit.
800 1326 820 1375 u
838 1329 867 1376 ee
884 1337 902 1378 r
920 1338 956 1377 m.
976 1339 1019 1391 pr.
1037 1332 1071 1378 s.
1090 1316 1189 1380 uaria

132 1390 185 1441 tin.
209 1389 294 1439 vind.
313 1390 344 1439 Β.
371 1389 425 1440 inc.
452 1391 689 1457 (pupccreretor
713 1395 761 1448 Dr.
780 1394 810 1446 it.
834 1398 982 1461 portaret
1000 1396 1073 1448 ven.
1089 1399 1141 1450 ode
1161 1406 1190 1451 et

131 1460 234 1521 puncto
257 1457 367 1510 adiecto
383 1460 431 1519 lb.)
449 1460 595 1511 Debueras
616 1460 779 1514 'comminue
797 1476 833 1514 ex
853 1465 1015 1516 coniectura
1032 1469 1142 1519 incure
1159 1467 1191 1520 ia

131 1530 275 1581 committi
299 1528 381 1590 idque
407 1529 590 1593 interpretari
612 1544 644 1584 ae
669 1533 800 1597 tattoni,
831 1545 915 1597 quatu
930 1540 1120 1600 portaretur·
1138 1548 1190 1602 prc

131 1599 253 1666 genuino
271 1610 425 1663 &noscere
444 1600 647 1666 scriptorisque
665 1615 745 1654 usum
762 1601 903 1666 respicere
920 1604 1027 1656 maluit.

93 1736 136 1791 Gi.
151 1737 264 1790 Iaceret.
278 1738 305 1801 3,
322 1736 408 1788 1019:
427 1737 508 1800 Quae
523 1738 622 1789 tamen
662 1737 722 1791 tito
733 1741 803 1791 sant
813 1739 926 1792 Haedui
937 1738 1003 1806 cini,
1015 1739 1114 1805 quihus
1126 1739 1191 1807 icti,

91 1807 150 1861 etet
166 1806 280 1872 adeunt,
300 1807 334 1856 ct
349 1817 429 1858 mene
439 1806 491 1857 eidi
507 1807 622 1858 coneda
662 1807 690 1858 iu
704 1822 755 1871 quc
762 1809 818 1860 visi
824 1809 891 1875 sint,
905 1813 975 1861 hacc
988 1811 1084 1862 addite
1096 1814 1141 1862 cst
1147 1810 1191 1863 ei-

92 1877 184 1947 fettte
201 1877 409 1929 Prcemetusne
432 1876 546 1928 adhibet
563 1876 620 1926 ett—
662 1878 820 1944 gnificatic,
839 1892 901 1930 euru
918 1880 1009 1930 locuni
1022 1880 1191 1932 Muenna

92 1949 196 2000 mutor.
227 1946 344 1998 Piraedr.
362 1945 387 2011 1,
402 1946 451 1995 16:
468 1945 556 1997 ocem
567 1957 620 1996 rc-
661 1948 751 2000 latere
765 1960 853 2011 eoque
866 1951 964 2011 aperto
977 1949 1082 2012 tuisse3
1099 1949 1192 2014 quoin

91 2017 179 2084 putat
219 2027 327 2067 ceraue
360 2014 487 2066 modium
522 2014 620 2066 tritici
660 2022 724 2070 icco
742 2031 806 2067 esse
823 2016 880 2068 visi
894 2017 989 2068 eadem
1002 2018 1143 2070 brevitate
1156 2018 1192 2071 ut

90 2088 174 2150 latpd
186 2095 336 2148 sponsore.
371 2083 409 2133 At
420 2083 471 2134 itin
482 2094 618 2148 praenas—
659 2085 904 2139 tatereitcmcnte
915 2084 971 2137 cut
983 2087 1122 2153 dicuntur,
1134 2098 1192 2151 que

89 2158 178 2210 tuens
193 2153 293 2204 dotum
310 2153 364 2200 etc.
663 2158 834 2216 paulopost
861 2152 907 2215 qui
932 2156 1041 2205 exertis
1066 2157 1191 2209 humeris

143 2223 207 2286 §.t
233 2219 280 2270 nbi
298 2218 479 2279 constiterat]
511 2219 622 2269 Verbo-
662 2235 727 2275 esse
743 2221 1049 2288 animadverterentur,
1073 2224 1192 2277 enertte
1253 2283 1256 2292 ,

91 2306 154 2344 rum
176 2290 326 2343 collocatio
349 2300 383 2339 ea
407 2290 468 2353 est,
500 2289 530 2337 ut
546 2288 620 2352 icco,
661 2290 792 2342 inumeris
821 2289 1019 2343 onintudcertt
1050 2292 1190 2347 dicuutur.

90 2377 128 2414 ex
155 2374 209 2425 quo
234 2373 297 2411 cum
319 2358 431 2423 legione
451 2368 620 2422 progressus
662 2363 704 2412 ct.
725 2360 818 2411 Plauti
838 2361 901 2411 Aul.
919 2359 952 2424 4,
972 2363 990 2412 3
1009 2372 1038 2409 v.
1057 2363 1090 2414 1:
1120 2362 1190 2416 reos

90 2434 131 2484 sit
157 2431 283 2496 caesar,
313 2429 526 2478 demonstrando
554 2429 619 2491 pins
661 2432 773 2484 temere
796 2431 843 2482 eet
866 2430 943 2496 qood
961 2441 1067 2481 corone
1085 2434 1190 2485 canat

88 2501 222 2555 noscenti
236 2499 384 2563 tribuatur,
400 2496 619 2560 qnamipsiprc·
661 2501 732 2552 mite·
750 2512 828 2551 nanc
846 2499 882 2550 ct
898 2502 982 2552 iason
998 2511 1095 2553 muna.
1131 2503 1186 2555 Vis

87 2571 212 2638 gressui,
228 2569 275 2632 qui
288 2580 388 2618 rursus
402 2568 518 2631 maiore,
537 2578 620 2630 quarn
661 2569 751 2623 dativi
772 2582 829 2621 nnn
850 2569 924 2632 rugit
943 2570 1105 2638 linearum,
1138 2569 1188 2635 qni

87 2643 180 2707 icens,
199 2640 322 2702 pondere
341 2638 486 2700 praeditus
505 2635 619 2686 videre-
660 2640 748 2691 vertit
766 2641 812 2694 batt
828 2638 919 2705 tritta
931 2652 976 2709 tut
988 2640 1071 2706 dicite,
1087 2640 1188 2704 negle-

87 2714 147 2777 tur,
165 2709 192 2760 si
209 2711 277 2761 ordo
295 2709 444 2758 verborum
462 2705 507 2756 iric
525 2708 618 2756 esset:
658 2712 707 2760 cte
723 2708 775 2759 iiia
793 2719 812 2760 a
827 2709 918 2771 Marc,
942 2709 1021 2759 cuius
1038 2711 1126 2760 verba
1143 2710 1188 2761 irie

87 2783 152 2847 ipse
166 2781 285 2845 paulam
297 2790 336 2829 ec
350 2789 383 2827 ec
399 2777 472 2841 tcco,
488 2775 536 2826 ati
549 2787 618 2825 con·
659 2778 804 2839 adscripta
824 2776 900 2843 „uiri
923 2778 960 2828 ad
981 2780 1094 2831 nostros
1112 2779 1188 2831 adiri

88 2850 223 2915 sitierat,
234 2861 300 2899 cum
311 2846 423 2912 lenione
433 2855 618 2912 propreeeue.
658 2843 799 2910 poterat“
831 2847 959 2909 repetere
990 2848 1060 2897 satis
1091 2848 1187 2901 habuit

87 2922 160 2972 Erat
182 2920 275 2969 autent
300 2928 355 2966 neo
379 2928 431 2976 per
455 2927 487 2963 se
511 2912 617 2964 uanius
660 2917 792 2980 fleidins,
823 2928 874 2966 nec
897 2918 976 2966 recte
999 2917 1143 2968 declarata
1166 2928 1186 2970 a

87 2987 239 3053 momenti,
271 2985 343 3046 quod
359 2984 455 3033 iuerat
471 2983 552 3034 ictus
570 2979 617 3029 nti
661 2983 862 3047 tannetarium,
878 2982 926 3048 qui
942 2983 1065 3037 dativum
1078 2985 1185 3038 inno..

88 3059 197 3111 caesar
234 3052 424 3118 constitisset,
461 3063 514 3101 nec
547 3049 618 3100 nihil
657 3053 732 3104 modi
770 3053 853 3119 dicit,
893 3055 943 3103 aut
986 3066 1005 3105 a
1042 3055 1184 3118 seydsrtc

85 3126 204 3181 lectoris
230 3124 366 3174 intererat
388 3121 503 3173 disertis
521 3119 632 3170 verbis·
658 3124 688 3172 et
716 3123 863 3187 Kranerc,
895 3122 940 3187 qui
966 3121 1185 3186 interpretentur

88 3200 118 3249 et
130 3195 247 3259 certius,
260 3204 341 3256 quam
354 3205 379 3242 c.
391 3191 428 3246 47
441 3189 468 3253 S.
482 3191 496 3241 1
511 3190 616 3241 tactum
657 3191 725 3258 „ubi
740 3193 816 3242 latus
831 3191 938 3243 nostris
949 3195 1077 3255 apertum
1089 3190 1186 3246 erat-‘⁶

87 3269 149 3333 est,
177 3266 206 3316 id
232 3265 323 3326 ipsum
346 3261 451 3316 doceri.
485 3259 616 3312 ceterum
709 3273 807 3312 manus
821 3260 994 3313 distinendae
1008 3261 1108 3329 causa]
1124 3266 1184 3316 ricc

86 3350 152 3389 eam
164 3333 276 3401 unicas
290 3334 441 3384 caesarem
454 3329 615 3384 constitisse
656 3332 877 3394 supplementum
889 3342 996 3396 corun,
1014 3343 1085 3394 quae
1104 3346 1128 3384 c.
1145 3329 1183 3383 et

85 3407 117 3459 in
137 3409 190 3456 iroc
206 3406 356 3454 verborum
371 3401 470 3453 ordine
487 3412 543 3452 non
561 3398 615 3451 rni-
656 3386 731 3452 dxtr.
754 3401 928 3464 dictasunt,
951 3399 1073 3452 dubitari
1089 3403 1184 3463 potest

86 3489 141 3528 nus
158 3473 336 3537 perspicuum
355 3473 409 3535 est,
426 3482 508 3535 qoam
524 3471 554 3520 in
568 3469 614 3521 ai·
656 3482 693 3521 an
717 3482 773 3522 non
796 3470 886 3521 sciunt
908 3470 944 3521 ad
961 3470 1096 3523 caesaris
1113 3482 1182 3522 con·

85 3550 148 3597 tero
182 3543 348 3603 usitatione
379 3541 430 3590 sed
459 3542 495 3592 ad
521 3538 612 3602 ipse·
655 3540 750 3591 eiiiunr
767 3540 969 3606 explicandum,
986 3540 1036 3589 sed
1048 3538 1184 3593 etiamad

85 3614 224 3681 legionem
247 3611 350 3664 reterri
371 3610 485 3661 verbum
503 3608 612 3660 conati-
654 3611 828 3662 accusandos
840 3609 969 3661 iiaeduce
986 3611 1105 3674 spectet,
1123 3609 1181 3674 ori,

86 3685 170 3738 terat
193 3694 283 3747 eaque
299 3679 489 3733 insolentioris
504 3678 612 3730 ordinis
655 3693 718 3733 cunr
743 3681 885 3732 eirenen
912 3678 942 3727 tn
967 3678 1075 3740 partem
1100 3679 1182 3733 nien

86 3751 339 3806 caneadderivix
351 3752 453 3815 potest.
488 3749 531 3801 Gt.
546 3750 611 3802 adn.
655 3753 753 3803 essent
782 3762 801 3801 a
823 3746 965 3807 (iterare,
997 3747 1090 3799 serite
1111 3746 1182 3801 sint

86 3824 123 3877 ad
140 3836 166 3874 c.
184 3823 222 3874 59
237 3822 265 3884 s.
282 3824 309 3872 2.
655 3821 712 3872 risi
729 3833 785 3872 non
802 3815 937 3871 enxiiium
955 3815 1104 3884 Mnanie,
1128 3818 1181 3871 sed

136 3892 205 3956 cop.
220 3891 262 3944 50.
276 3893 301 3956 §.
317 3891 332 3938 1
351 3891 386 3940 ai>
400 3888 491 3940 latere
505 3885 612 3938 nostris
655 3891 792 3940 terrorem
811 3888 965 3939 attulerint.
1261 3890 1265 3895 ·

85 3963 199 4027 curto]
225 3961 267 4012 (ii.
291 3962 354 4012 adu.
374 3959 410 4011 ad
427 3957 462 4022 5,
485 3954 521 4006 dt
538 3954 565 4016 s.
583 3958 612 4009 2.
706 3960 769 4023 §.2
800 3956 907 4008 dextris
929 3955 1053 4006 humeris
1070 3953 1181 4007 exertis

84 4031 251 4095 Prcncmen,
265 4030 372 4082 eteiita
383 4027 549 4080 collocatum
557 4027 612 4092 est,
653 4026 959 4087 aninacverteucntrr]
978 4024 1021 4075 De
1040 4025 1180 4076 brevitate

84 4103 118 4151 ut
140 4115 176 4153 ex
200 4101 312 4152 ncnrine
336 4099 458 4161 pendere
473 4094 611 4163 videatur,
654 4096 684 4148 in
707 4097 832 4149 ablativo
857 4094 1011 4158 conspicuo
1040 4096 1070 4144 et
1094 4094 1180 4156 panio

84 4172 180 4225 umen
196 4171 299 4225 reterri
315 4169 398 4222 donet
410 4168 447 4220 od
460 4166 612 4219 eume*
653 4169 722 4220 ante
744 4166 877 4222 nonitcnr
897 4165 929 4216 et
947 4163 1074 4226 pientes
1092 4172 1184 4230 erepte¹

887 4229 971 4301 31*
