2700 4726
483 279 586 356 are.
611 280 693 355 vn.
745 253 849 357 cnr
880 248 927 356 eo·
1177 287 1241 354 an

147 469 1279 649 ittil‘ll‘ili‘l’liialitl‚³¹l.ti.l{¹¹¹‡⁰l.tititl

144 642 385 733 pronuntiari,
408 645 523 712 audite
544 645 717 715 Romanos
737 648 877 717 milites.¹
921 646 1086 715 Producit
1107 669 1235 729 servos,
1257 652 1278 711 9

144 754 235 823 quoe
270 734 308 800 iu
337 732 555 820 pabulatione
587 737 706 823 paucis
734 738 813 803 a'nte
843 735 963 802 diebus
995 741 1172 826 exceperat
1201 743 1237 799 et

143 822 238 888 lame
266 820 480 910 vinculisque
517 823 780 893 excruciaverat.
830 821 879 889 lli
911 825 977 889 iarn
1006 832 1083 890 ante
1112 820 1279 902 odonello

144 930 233 997 quae
256 910 460 997 interrogati
482 911 755 997 pronuntiarent,
779 910 966 976 militasse
991 933 1067 977 esse
1088 910 1236 995 legiona-

144 998 217 1064 rios
251 996 388 1064 dicunt:
423 998 513 1063 fame
542 1004 578 1063 el
611 997 725 1085 inopia
752 997 916 1065 adductos
938 1001 1024 1065 clam
1050 1019 1090 1063 ex
1112 997 1237 1063 castris

143 1085 277 1166 exisse,
313 1085 345 1151 si
370 1084 453 1171 quid
478 1084 642 1151 frumenti
669 1093 730 1152 aut
756 1086 888 1173 pecoris
912 1086 949 1151 in
969 1084 1061 1170 agris
1083 1086 1234 1172 reperire

143 1178 306 1261 possent:
324 1171 430 1238 simili
453 1192 585 1238 ornnem
607 1172 788 1238 'exercitum
808 1173 922 1261 inopia
946 1174 1065 1260 premi,
1087 1193 1147 1237 nec
1167 1171 1276 1236 iamii

143 1262 238 1329 vires
258 1260 416 1327 sufficere
430 1260 629 1346 cuiusquam
645 1282 704 1325 nec
719 1262 809 1327 ferre
825 1261 938 1346 operis
952 1260 1101 1326 lahorem
1118 1280 1238 1345 posse:

142 1349 264 1435 itaque
284 1347 450 1413 statuisse
474 1344 732 1436 imperatorem,
770 1349 802 1413 si
823 1348 908 1415 nihil
928 1349 963 1412 in
987 1348 1236 1436 oppugnatione

143 1434 267 1525 oppidi
288 1435 534 1523 proiecissent,
562 1433 678 1503 triduo
700 1435 884 1501 exereitum
907 1434 1084 1504 deducere.
1113 1433 1279 1514 ‘Haemit

142 1523 270 1612 iuquit,
292 1544 386 1606 ame,
408 1520 683 1609 Vercingetorix,
705 1523 868 1590 beneficia
884 1523 1028 1605 hahetis,
1043 1543 1141 1611 quern
1158 1543 1236 1611 pro-

212 1731 244 1799 s.
263 1732 298 1783 10
319 1728 369 1796 lli]
400 1727 424 1780 ll
441 1730 525 1793 Bcog.
543 1732 578 1781 Α.
603 1728 648 1780 l‘i.
671 1729 754 1790 (Gn.)
778 1732 839 1786 eoi.
856 1740 921 1783 ente
938 1733 1006 1785 ool.
1025 1731 1148 1794 exceptis
1165 1731 1238 1781 ven.

180 1803 255 1853 criel.
272 1802 312 1850 St
327 1802 378 1854 tir.
398 1799 424 1848 o.
443 1799 529 1850 lircil.
548 1797 590 1849 til
609 1800 683 1849 liert.
702 1798 785 1851 ll'ebr.
803 1806 832 1851 et
848 1803 918 1855 Wh.
942 1804 1025 1853 Vrat.
1044 1799 1122 1852 Aac.
1141 1802 1238 1852 liemln

178 1872 229 1922 lu'c
247 1872 320 1922 llev.
337 1870 371 1920 A.
387 1867 471 1919 vino.
487 1866 521 1920 Α.
557 1866 612 1933 lli,
638 1869 709 1930 quoi
725 1868 794 1920 oud.
816 1872 901 1921 tacite
920 1870 1059 1938 restituit,
1083 1883 1140 1923 sec.
1154 1871 1238 1924 Febr.

179 1942 265 1991 etiam
283 1939 311 1990 in
327 1938 388 1988 ret.
406 1938 492 1988 Voss.
511 1939 546 1993 Α.
564 1939 641 1999 Egm.
658 1936 767 1999 legitur.
840 1966 843 1973 ·

212 2010 243 2070 s.
267 2011 302 2059 11
335 2004 510 2071 cuiusquam]
544 2007 679 2071 cuiquam
701 2004 783 2056 cerr.
811 2006 864 2058 0x.
884 2007 956 2056 Deir.
976 2006 1066 2059 Pulm.
1085 2006 1169 2057 Vino.
1188 2007 1237 2056 lli.

176 2078 252 2130 our.
270 2075 385 2140 quicar
404 2074 557 2126 mutaverit
572 2075 735 2138 genitivum,
753 2087 810 2126 oen
825 2077 957 2140 ostendit,
976 2077 1028 2125 sed
1044 2077 1108 2126 dum
1129 2087 1236 2126 comma

178 2152 247 2198 aute
262 2158 317 2198 nec
336 2147 421 2213 ferre
441 2145 561 2205 positum
581 2146 668 2210 tenet,
687 2156 770 2207 posse
790 2143 870 2195 verbi
887 2145 1056 2210 subiectum,
1077 2157 1237 2208 quenquam

142 2260 145 2267 .
181 2220 230 2268 vel
254 2228 319 2281 ece,
350 2214 514 2265 audiendum
541 2215 666 2263 statuere
692 2212 820 2275 videtum
849 2226 904 2275 quo
922 2214 1030 2277 quidem
1048 2215 1237 2275 supplemento

120 2312 123 2317 ·
180 2287 314 2338 nmmum
332 2297 397 2335 esse
418 2286 501 2346 paulo
520 2283 626 2335 certius
645 2283 775 2333 docemur
793 2282 905 2349 dativo,
936 2283 984 2346 qni
1003 2283 1080 2333 verbi
1097 2281 1237 2348 sufficere

182 2357 328 2407 notionem
343 2354 482 2417 absolvit,
515 2366 596 2415 quam
614 2351 756 2416 genitivo,
780 2350 828 2413 qui
847 2353 882 2400 all
900 2351 982 2404 eires
998 2353 1161 2403 referendos
1180 2365 1237 2403 non

178 2425 308 2489 impedit,
327 2435 380 2485 quo
398 2424 488 2472 miuus
507 2425 558 2471 iias
578 2434 642 2471 esse
662 2424 790 2483 putemus
809 2432 879 2482 qnae
897 2423 945 2471 vel
962 2433 1047 2484 posse
1064 2422 1194 2472 sufficere
1207 2422 1237 2470 et

179 2497 261 2545 ferre
280 2495 407 2543 laborem
423 2492 471 2542 vel
490 2491 622 2541 sufficere
640 2493 669 2540 et
686 2502 771 2551 posse
789 2489 866 2541 ferre
884 2495 1031 2554 negentur.
1066 2492 1126 2541 Hoc
1144 2492 1238 2541 autern

180 2564 289 2616 unllam
301 2563 361 2612 vim
371 2564 406 2611 at
417 2561 540 2612 codicum
554 2560 751 2614 auctoritatem
763 2562 944 2615 evertendam
952 2551 1237 2612 ulcereracneioul-

179 2636 290 2700 ligitur.
326 2633 423 2694 Neque
442 2642 511 2680 vero
525 2643 577 2693 per
589 2643 621 2680 se
634 2627 801 2691 reprehendi
815 2632 908 2691 potest
919 2628 1004 2682 lectio
1018 2632 1053 2680 ab
1068 2630 1136 2682 0uo.
1152 2640 1236 2691 prac-

180 2706 259 2769 late,
292 2700 374 2752 immo
403 2701 521 2750 similem
548 2699 639 2749 reddit
663 2701 736 2748 huuc
750 2699 840 2750 locum
859 2700 903 2750 illi
920 2714 945 2751 c.
962 2697 998 2753 85
1017 2703 1089 2751 extr.
1109 2711 1163 2750 nee
1179 2699 1238 2751 ium

180 2786 270 2826 urum
286 2770 398 2822 nostris
415 2782 468 2821 nec
484 2769 566 2819 uires
580 2770 748 2830 suppetunt.
1000 2822 1003 2829 ⁴

143 2888 150 2895 .
218 2840 420 2905 proiecissent]
450 2838 626 2906 profecisset
652 2837 723 2887 Anti.
751 2837 803 2887 (lx.
831 2834 881 2888 Cu.
905 2838 934 2889 S.
958 2836 1037 2887 heio.
1053 2838 1088 2890 A.
1113 2837 1186 2921 fflll'·
1203 2838 1236 2884 A.

181 2913 269 2962 vind.
288 2908 322 2959 A.
345 2909 419 2960 Ver.
438 2908 457 2957 l.
484 2921 544 2972 sqq.
571 2905 771 2971 (proficiscunt
788 2908 838 2957 Ilr.
859 2908 894 2959 A.
918 2904 1104 2971 protelarent
1122 2907 1186 2956 i’er.
1204 2911 1239 2955 A.

184 2983 259 3032 ven.
282 2977 324 3044 b.)
357 2977 523 3041 Singularis,
541 2989 621 3039 quem
638 2977 728 3025 tenuit
745 2976 824 3041 out,
842 2976 935 3038 aptior
952 2978 1071 3039 videtur,
1090 2974 1116 3025 si
1136 2989 1172 3025 ex
1188 2987 1237 3025 ec-

184 3049 325 3116 gitatione
349 3046 528 3108 imperatoris
554 3048 605 3095 irco
632 3046 752 3095 relatum
774 3048 836 3109 est,
864 3047 965 3108 quippe
984 3059 1065 3108 quem
1084 3055 1177 3095 securo
1198 3045 1238 3094 ita

182 3121 280 3184 potius
301 3119 422 3168 locutum
446 3129 512 3166 esse
536 3114 713 3166 statuendum
732 3114 786 3178 sit,
819 3115 845 3163 sl
860 3116 935 3165 nillil
949 3116 1126 3181 profecero.
1156 3125 1239 3175 quom

182 3188 401 3255 profecerimus
426 3189 475 3236 ant
490 3185 686 3251 profecerint.
720 3182 937 3234 adorationem
955 3196 1025 3234 vern
1043 3184 1117 3245 aprili
1134 3182 1238 3232 milites

184 3260 306 3310 latitem
324 3256 462 3318 pluralem
480 3257 570 3318 magis
586 3256 682 3315 aptum
702 3265 766 3303 esse
785 3256 918 3320 apparet,
942 3253 1059 3317 ideoque
1077 3252 1167 3315 magis
1187 3253 1237 3300 ho-

183 3340 247 3380 rum
263 3337 402 3389 personae
421 3326 562 3375 convenit.
599 3324 678 3372 Unde
695 3322 767 3373 enim
785 3323 908 3389 scirent,
936 3323 1001 3388 quid
1020 3322 1168 3373 statuisset
1185 3319 1237 3371 im·

183 3398 313 3464 perator,
328 3395 384 3445 nisi
402 3394 491 3456 ipsius
509 3407 544 3443 ex
562 3385 709 3444 oratione?

220 3467 329 3524 triduo]
347 3465 478 3516 triduum
495 3464 582 3527 Bong.
599 3466 632 3511 Α.

142 3552 149 3577 i
216 3528 245 3598 si
268 3538 302 3584 12
325 3532 428 3599 iuquit]
456 3535 519 3595 post
543 3547 561 3582 u
580 3544 625 3582 me
642 3530 708 3582 Ali.
727 3531 753 3580 b.
771 3529 852 3579 Turr.
872 3528 951 3592 Lips.
972 3528 1015 3582 lo.
1029 3530 1082 3596 Gr.
1102 3528 1175 3582 Dav.
1195 3522 1238 3578 Cl.

180 3608 284 3658 eontra
299 3602 429 3671 „niss‚“
447 3605 570 3653 ceterum
587 3602 650 3651 sine
668 3599 749 3652 vitio.
785 3597 830 3650 cf.
848 3592 905 3650 (lic.
925 3599 966 3648 lle
986 3611 1026 3649 or.
1044 3601 1077 3666 2,
1095 3602 1112 3648 3
1128 3598 1169 3663 (§.
1192 3597 1241 3664 13)

145 3780 181 3830 3:
212 3773 368 3826 remittere
384 3770 549 3839 benefitium
565 3769 676 3823 Asiati·
719 3770 826 3820 buntur
843 3767 990 3819 sustinere
1005 3780 1165 3830 ncnncsce.
1200 3766 1243 3819 Ac

143 3848 207 3898 eur'
218 3844 274 3897 ult.
719 3839 823 3902 nescio,¹
840 3849 877 3888 an
894 3839 976 3888 etlam
993 3839 1028 3889 ad
1045 3836 1185 3903 sufficere
1196 3850 1242 3887 re-

202 3914 231 3976 s.
246 3916 280 3964 11
298 3923 351 3962 nec
362 3911 438 3960 ferre
452 3907 544 3972 operis
556 3909 676 3960 laborem
719 3909 788 3958 lerri
808 3909 906 3956 debeat
921 3920 1013 3972 posse.
1050 3906 1242 3958 cl.cic.l²lil.

147 3985 246 4049 posse]
264 3980 339 4032 Nihil
351 3977 480 4041 impedire
495 3979 610 4045 vitietur,
624 3989 677 4043 quo
719 3982 748 4042 2,
762 3976 908 4036 7ls.1o).·
923 3990 1096 4042 quumquum
1108 3975 1244 4028 nectere·-

146 4054 240 4107 minos
251 4054 304 4103 lroc
319 4052 353 4100 tle
368 4049 473 4100 viribus
486 4047 587 4099 dictum
598 4048 677 4098 ecci·
719 4047 769 4098 lue
786 4045 925 4112 sufficere
936 4061 988 4097 nec
1001 4047 1116 4098 tutulue
1128 4046 1245 4096 nentina

148 4122 249 4185 rietur.
287 4114 332 4171 Gt.
346 4116 409 4170 (liv.
424 4119 450 4182 1,
466 4116 502 4169 cl
513 4116 539 4178 S.
554 4116 587 4168 5:
606 4131 677 4183 qno·
719 4117 836 4166 illorum
860 4128 966 4179 cupere
984 4119 1155 4181 potuerunt.
1180 4115 1244 4163 Liv.

109 4238 131 4277 4,
149 4190 290 4247 mace
305 4189 419 4245 animm
436 4191 488 4245 nul
502 4188 582 4243 uires
596 4188 676 4241 uiue·
720 4187 767 4252 36,
782 4183 817 4240 lt
834 4182 861 4253 §.
881 4189 913 4238 2:
931 4185 1180 4276 quoue-sufficere
1194 4195 1244 4236 re-
