2700 4726
405 300 508 371 Lib.
534 301 615 372 vll.
659 301 781 373 GAP.
804 308 845 372 61
1100 309 1165 375 sei

24 432 46 475 Τ
76 513 142 578 quc
166 489 282 578 copias
304 490 336 556 in
361 497 431 555 tres
455 500 570 576 peries
593 456 850 559 distribuerunt.
892 488 980 556 Nem
1004 497 1039 556 et
1062 513 1156 575 pree·
1181 456 1206 559 ⁶*
1236 527 1238 533 ·

73 580 164 645 sidio
186 601 204 642 e
225 579 364 663 regione
384 588 570 645 castrorum
594 581 715 646 relicto
740 586 776 646 et
795 598 900 668 parve
922 599 1019 642 mauu
1035 578 1157 646 Mutia»

72 667 192 735 sedum
215 687 334 733 versus
355 667 479 741 misse,
500 689 587 754 quae
610 675 740 734 tantum
762 666 1019 755 progrediatur,
1050 688 1157 754 quen-

72 765 146 822 tum
171 775 272 820 neves
292 756 553 841 processissent,
586 757 735 841 reliques
757 757 873 843 copies
894 763 1010 818 contre
1033 753 1156 821 Lebis-

73 864 151 930 num
176 843 356 909 duxerunt.
408 845 467 910 62.
498 839 614 909 Prima
636 845 712 910 luce
735 850 770 910 et
791 843 901 910 nestri
921 863 1035 907 omnes
1059 854 1157 910 erent

49 1056 51 1063 Α
140 1036 167 1094 s.
183 1032 200 1084 5
218 1033 285 1084 Nam
304 1029 345 1097 et]
364 1031 434 1080 And.
453 1029 503 1082 ox.
523 1032 572 1086 co.
590 1035 617 1083 S.
636 1035 698 1083 Aid.
717 1045 774 1098 sqq.
793 1035 908 1095 excepte
922 1031 964 1083 ci.
978 1033 1007 1083 et
1020 1043 1074 1082 orn.
1087 1033 1153 1083 reli-

102 1104 149 1166 qui
167 1115 228 1152 cum
248 1101 305 1150 edd.
326 1103 389 1151 ente
407 1101 469 1149 Aid.
486 1104 514 1152 et
531 1102 573 1152 Gi.
609 1103 648 1152 iio
666 1103 766 1154 omisso
782 1104 937 1164 tripartitae
953 1100 1152 1152 distributionis

99 1171 280 1233 enumquam
301 1166 456 1232 exspectari
473 1184 541 1222 nom
557 1167 648 1234 iuben,
676 1174 845 1223 obscuretur.
881 1169 989 1221 Etenim
999 1172 1152 1232 ,praesidia

100 1255 116 1292 e
133 1241 252 1305 cepione
268 1241 438 1288 castrorum
455 1241 558 1291 relicto
577 1244 606 1290 et
622 1253 718 1304 pereo
735 1254 822 1292 mauu
840 1240 1030 1292 Metiosedum
1047 1252 1152 1291 sersus

99 1310 188 1360 crimea
218 1309 348 1373 reliquas
375 1308 470 1371 copias
494 1313 599 1369 contra
622 1310 778 1362 Labienum
804 1311 923 1361 ducisse
947 1308 1002 1358 diei
1026 1312 1152 1371 poterant

98 1382 181 1430 etiam
198 1376 233 1443 ii,
252 1379 296 1440 qui
315 1379 344 1427 iu
361 1378 429 1426 duas
446 1389 540 1438 pernes
553 1378 652 1442 copias
671 1394 736 1432 sees
753 1379 972 1445 distribuissent,
990 1389 1104 1440 querum
1121 1377 1151 1428 in

100 1461 155 1498 une
180 1445 417 1508 praesidii-causa
439 1446 537 1498 relicta
553 1461 641 1508 parva
658 1462 754 1499 manus
771 1450 821 1500 iiie
838 1449 956 1498 inesset:
987 1445 1100 1511 nentem
1118 1446 1151 1511 sis

101 1518 152 1571 eine
169 1517 304 1583 bisiacum
321 1517 463 1582 beminen
478 1516 807 1586 acceptiseputiopaapea
824 1520 875 1572 unt
893 1516 945 1573 eine
961 1512 1150 1581 bizacenam

98 1584 208 1651 (beben)
229 1585 286 1649 noir
308 1585 350 1639 sn.
370 1584 413 1652 bin
430 1583 568 1653 ebgeidiidt
587 1585 682 1655 butten.
718 1588 867 1638 Continet
885 1584 1094 1648 praepositivis
1113 1597 1149 1634 ee

99 1660 154 1721 est,
171 1657 202 1704 nt
219 1654 382 1716 praesidium
401 1655 531 1705 reiictnm'
542 1657 602 1717 peri
619 1660 700 1719 etque
718 1670 830 1719 pervum
849 1668 956 1706 menum
973 1657 1034 1705 ioee
1047 1653 1147 1704 beben·
1225 1656 1229 1661 '

98 1727 162 1775 dum
180 1737 243 1773 esse
260 1724 337 1772 demo
357 1724 440 1786 stret,
470 1727 500 1773 ut
517 1724 570 1774 iam
589 1736 644 1775 non
665 1726 752 1788 possis
768 1725 903 1788 dubitari,
927 1722 993 1788 quin
1009 1723 1079 1772 duee
1097 1722 1148 1772 bue

98 1801 192 1855 pernes
223 1737 430 1842 discruciamur
461 1792 601 1853 copiarum
631 1793 829 1844 existimandae
857 1794 921 1844 sint.
945 1789 1051 1856 'ecqua
1078 1793 1148 1840 bene

97 1860 228 1913 caesaris
250 1861 470 1911 consuetudinem
494 1874 572 1917 esse,
606 1872 635 1910 ut
658 1864 789 1913 rationem
816 1864 877 1924 pius
896 1874 976 1925 quem
995 1859 1147 1922 simplicem

97 1932 254 1983 redditurus
270 1931 305 1980 ed
322 1929 411 1991 ipsum
426 1931 599 1995 praedocent,
617 1931 789 1994 significasse
808 1932 877 1982 oud.
896 1930 1005 1980 videtur
1022 1936 1148 1991 prester-

97 1999 227 2052 missiene
251 2000 280 2050 et
303 1998 455 2060 particulae
479 2003 689 2051 commemorate
711 2002 797 2050 verbo
822 2011 934 2050 monens
961 1998 1040 2064 „Sed
1065 1997 1148 2048 aliter

98 2072 171 2121 sciet
188 2068 322 2119 caeser.“
357 2068 399 2118 Gt.
418 2064 451 2132 4,
469 2068 502 2118 25
520 2069 546 2130 §.
565 2070 595 2118 2:
615 2067 692 2120 Nam
710 2071 740 2120 et
756 2069 874 2120 navium
894 2067 990 2132 flaura
1015 2075 1067 2116 ecc.
1104 2064 1145 2114 lb.

97 2142 150 2203 31,
174 2140 206 2186 2:
240 2137 343 2201 itaque
365 2138 404 2188 ad
428 2149 525 2187 cernes
543 2150 628 2189 cesus
647 2138 772 2189 subsidia
789 2136 982 2200 comparebat.
1016 2133 1095 2185 Nam
1116 2134 1146 2184 et

96 2207 496 2274 frumentum-conferebat
515 2208 544 2257 et
560 2219 633 2271 qaae
648 2208 822 2274 pravissime
837 2205 973 2271 addictas
989 2205 1077 2255 eraut
1091 2216 1146 2253 na-

97 2290 163 2341 ves,
182 2287 286 2326 earum
303 2276 615 2326 materia-utebatur
633 2281 663 2328 et
682 2291 753 2342 quae
769 2277 807 2327 ed
826 2289 874 2327 eas
894 2287 944 2326 res
963 2275 1052 2325 erant
1069 2271 1151 2335 usui,-

97 2359 136 2398 eu
154 2344 315 2396 continenti
331 2344 510 2409 comportari
526 2345 646 2405 iubebat.
668 2346 695 2413 5,
712 2349 746 2395 ³3
764 2344 790 2404 8.
808 2343 840 2396 5:
861 2344 1082 2410 quod—tamen
1098 2341 1147 2390 in-

98 2415 245 2466 commode
262 2412 392 2472 occidite
418 2427 484 2465 nam
502 2416 532 2465 et
549 2410 661 2464 uostris
677 2414 814 2466 militibus
830 2428 910 2478 spem
925 2409 1031 2464 minuit
1047 2410 1077 2461 et
1094 2408 1147 2459 bo-

96 2488 157 2536 stes
173 2483 211 2534 ad
228 2496 354 2549 puppam
370 2485 535 2535 alacriores
553 2482 657 2549 effecit.
681 2484 713 2548 6,
731 2480 767 2536 34
784 2487 812 2549 s.
828 2483 859 2535 4:
877 2483 955 2536 Nam
971 2484 1001 2532 et
1017 2479 1148 2544 praedae

97 2552 242 2618 cupiditas
259 2555 312 2604 ste.
342 2555 370 2619 7,
388 2556 422 2602 22
439 2552 466 2614 S.
484 2555 515 2603 2:
538 2553 616 2604 Num
634 2554 664 2604 et
679 2554 790 2618 laqueis
807 2557 860 2604 stc.
897 2551 958 2604 (iiv.
977 2553 1012 2612 2,
1032 2547 1048 2600 5
1066 2546 1093 2608 8.
1113 2543 1145 2596 4:

97 2625 175 2675 Nam
194 2623 223 2672 et
242 2620 354 2672 bonesti
372 2631 426 2671 esc.
449 2625 478 2686 3,
494 2623 530 2673 67
547 2621 574 2682 8.
591 2621 623 2672 d:
643 2624 715 2673 Nam
732 2626 761 2674 et
777 2622 914 2686 pervenit
928 2619 1014 2685 prius
1031 2620 1084 2670 etc.
1107 2612 1148 2665 lb.

95 2695 148 2758 93,
172 2693 205 2739 2:
235 2688 314 2741 Nem
331 2692 361 2741 et
379 2692 438 2741 teia
456 2690 544 2741 missa
561 2693 740 2755 succeperunt
757 2700 810 2742 etc.
845 2691 880 2754 8,
900 2693 934 2742 to
952 2688 979 2748 8.
1001 2690 1032 2738 1:
1053 2685 1146 2736 Huius

96 2758 267 2813 munitionis
290 2761 398 2824 depicto
421 2763 488 2811 erat
508 2760 665 2811 consutum.
701 2761 835 2826 Namque
852 2765 882 2812 ei
899 2769 1019 2823 eperum
1035 2755 1147 2820 mopsi-

97 2830 226 2883 tudicem
243 2835 296 2880 etc.
334 2828 411 2878 sier.
430 2826 476 2895 42,
493 2833 526 2880 3:
543 2830 677 2893 Namque
694 2832 723 2882 et
738 2832 859 2882 castello
875 2837 928 2879 etc.
963 2827 1040 2888 Hisp.
1051 2824 1096 2889 28,
1113 2823 1147 2874 4:
1223 2848 1225 2852 ·

96 2897 214 2953 Etenim
228 2899 259 2948 et
275 2898 387 2948 natura
402 2897 458 2948 loci
476 2900 529 2947 eto.
1207 2916 1210 2927 ‚

131 2967 332 3031 progrediatur]
363 2968 423 3031 ,,11.
450 2979 489 3028 pr.
520 2965 555 3014 V.
585 2980 625 3031 pr.
651 2966 801 3029 reaugm.
821 2957 1146 3017 Lov.0urr.ei4c11i.

49 3056 52 3061 ·
94 3039 166 3103 qued
181 3047 234 3085 non
253 3035 388 3096 displicet.
407 3031 486 3095 (Par.
502 3032 639 3098 A.'Bong.
657 3034 689 3084 0.
707 3036 765 3086 Pei.
784 3037 833 3085 Dr.
848 3037 876 3084 B.
892 3034 973 3085 Vret.
993 3029 1049 3082 AC.
1068 3031 1147 3081 tietb.

95 3109 152 3163 ΔΒ.
172 3105 269 3156 Hemb.
287 3104 369 3154 vind.
387 3103 456 3155 ciii.
475 3107 490 3162 J
507 3102 752 3169 propreaiaiatur
766 3106 841 3161 MSS,
862 3107 886 3152 3.
907 3105 956 3156 nd.
973 3098 1054 3153 lnc.“
1070 3100 1146 3150 Gott.

93 3177 143 3227 Dr.
163 3178 196 3226 A.
224 3175 304 3224 vrat.
322 3175 353 3222 B.
381 3174 432 3223 iic.
456 3169 538 3224 Viud.
556 3170 589 3222 F.
607 3173 840 3239 praecederetur
865 3174 936 3222 Her.
958 3174 990 3221 Α.
1011 3168 1093 3221 Vind.
1112 3169 1163 3236 11.ι

95 3253 124 3295 ee
141 3245 201 3295 edd.
219 3252 330 3304 praeter
348 3241 401 3296 ine.
419 3253 522 3293 omnes.
540 3240 790 3308 (praprederetur
809 3244 880 3295 ven.
899 3242 939 3300 d.)
965 3240 1007 3292 ct.
1026 3240 1087 3289 adn.
1107 3247 1147 3287 or.

92 3311 309 3383 mnwsb

111 3483 137 3544 8.
155 3482 171 3534 5
195 3496 285 3545 parva
302 3495 383 3534 menn
402 3479 584 3532 Metiosedum
624 3478 777 3531 cessissent
793 3495 891 3548 acces,
909 3493 981 3546 quae
998 3477 1072 3530 sitae
1085 3488 1151 3529 esse

58 3568 160 3605 versus
178 3555 280 3614 missa]
309 3555 386 3603 tiene
402 3562 511 3600 menum
528 3561 584 3600 non
626 3553 766 3612 nequeunt
784 3553 839 3602 nisi
857 3563 917 3617 eae,
935 3561 1051 3613 querum
1070 3547 1150 3599 seni-

58 3625 192 3689 secuudo,
206 3623 255 3673 sed
268 3619 584 3672 edversoduminemis-
626 3622 671 3670 tus
697 3633 834 3672 remorum
854 3620 982 3672 exaudiri
999 3629 1085 3680 supra
1101 3629 1150 3667 re-

58 3706 122 3745 sam
142 3706 206 3743 esse
223 3705 284 3742 cum
304 3705 340 3740 ex
358 3702 390 3740 eo
408 3689 585 3753 inteiiigitur,
627 3690 702 3741 letus
726 3693 777 3740 est.
814 3694 890 3751 Ques
913 3690 986 3739 euim
1009 3686 1151 3740 (isilsrius

60 3764 134 3828 qued
157 3761 198 3812 ite
216 3763 322 3811 tautum
339 3771 402 3819 res,
422 3770 492 3821 ques
510 3758 587 3810 Gelli
628 3759 730 3823 deogr.
750 3764 775 3824 t,
793 3761 844 3812 167
857 3757 1010 3824 significari
1026 3758 1151 3822 putebat,

59 3833 166 3886 iecisse
183 3833 329 3894 dicuntur,
353 3827 449 3881 ordine
466 3840 584 3890 respon·
628 3833 758 3891 quattuor
781 3831 858 3881 miiin
879 3824 1011 3893 pessu‘um
1031 3830 1153 3878 secundo
1178 3886 1181 3895 .

61 3904 128 3953 dent
146 3900 198 3965 iis,
224 3912 293 3962 quae
311 3898 337 3958 8.
356 3902 373 3948 d
390 3896 518 3947 nuntiate
536 3901 588 3946 bo·
628 3902 738 3949 numine
754 3901 883 3965 progredi
899 3912 918 3951 u
934 3898 1057 3952 Labieno
1074 3910 1099 3947 c.
1116 3897 1153 3948 60

63 3971 154 4021 stibus
185 3979 214 4020 ee
246 3981 316 4032 quse
345 3981 370 4018 c.
394 3967 430 4017 60
452 3965 480 4027 8.
506 3965 588 4016 2-4
630 3969 655 4030 s.
673 3970 864 4033 iiussas,eas
878 3970 1054 4031 (inlitusque
1067 3979 1153 4030 prse-

64 4042 144 4092 tscta
160 4051 178 4088 a
195 4037 328 4090 Romanis
345 4039 512 4101 narrantur,
530 4038 589 4085 tum
631 4038 733 4090 misses
753 4040 918 4092 audiverant
933 4052 1037 4104 neque,
1057 4038 1083 4089 si
1100 4049 1152 4087 su·
1226 4034 1228 4041 '

65 4124 102 4163 ex
118 4110 182 4171 ipss
199 4122 230 4160 re
249 4110 376 4173 apparet,
394 4107 465 4168 quod
483 4108 591 4156 tentum
633 4108 785 4177 dicissent,
822 4111 918 4174 copies
952 4122 1019 4160 sues
1048 4109 1155 4159 tentum

65 4180 178 4233 iubetur
193 4177 349 4247 praesedi,
369 4179 498 4242 quantum
519 4187 592 4241 pre·
632 4180 788 4247 prepredi,
805 4186 935 4246 quantum
952 4181 1020 4236 illes
1034 4188 1155 4246 preces-
1169 4244 1182 4263 .
