2700 4726
213 335 282 403 soe
331 380 335 387 .
462 304 541 398 'nu
570 328 750 408 nunno
783 326 1039 399 uannrco
1130 298 1136 311 “

215 521 308 587 taces
331 524 432 607 atque
458 514 586 584 aridam
608 516 779 585 materiem
800 515 843 583 sle
866 539 961 584 muro
986 516 1020 582 in
1048 536 1204 605 aggerem
1219 516 1303 617 emif

217 630 282 676 nne
301 607 479 687 iaciebant,
503 607 609 693 picem
632 606 850 694 reliquasque
871 626 939 685 res,
958 603 1082 692 quihus
1104 606 1193 692 ignis
1213 606 1303 673 cxci*

216 696 285 763 teri
312 698 446 785 potest,
477 692 682 775 fundebant,
715 700 755 759 ut
782 714 849 779 quo
877 691 1022 798 primum
1052 698 1305 777 occurreretur,

218 792 278 849 eut
306 785 363 851 cui
388 782 441 849 rei
457 780 618 861 ¹ferretur
647 780 829 859 auxilium,
863 801 917 847 rrx
953 781 1042 847 ratio
1071 780 1150 847 iniri
1173 791 1304 870 posset.

178 878 199 938 5
218 871 370 946 Tamen,
402 867 496 955 quod
525 869 684 937 instituto
706 867 864 940 Caesaris
888 889 1022 956 semper
1044 866 1131 935 duae
1151 869 1305 957 legiones

222 981 283 1046 pro
317 957 442 1023 castris
469 957 677 1024 excubabant
706 956 889 1107 pluresque
921 953 1060 1042 partitis
1091 957 1306 1109 temporibus

219 1050 317 1112 erant
340 1044 375 1110 in
397 1065 510 1133 opere,
531 1043 688 1110 celeriter
723 1050 832 1107 actum
853 1048 909 1107 est
927 1051 967 1108 ut
987 1042 1048 1107 alii
1069 1064 1152 1130 erup
1170 1044 1306 1114 ronilrue

86 1190 90 1200 ,
219 1133 431 1211 resisterent,
452 1132 510 1196 alii
531 1139 645 1201 turres
667 1128 867 1197 reducerent
890 1150 1043 1217 aggerem
1070 1153 1110 1196 ue
1124 1133 1306 1201 interscin-

151 1222 157 1236 “
219 1219 356 1300 clarent,
382 1218 490 1285 omnis
509 1239 589 1286 vero
613 1241 652 1284 ex
674 1217 799 1283 caetris
820 1215 1003 1285 multitudo
1028 1152 1072 1284 al
1092 1220 1306 1307 restinguen-

219 1309 298 1375 rlum
322 1313 548 1376 concurreret.
589 1308 646 1377 2⁵.
667 1305 752 1376 Gunr
773 1304 808 1371 in
830 1307 986 1373 omnihus
1001 1306 1087 1374 locis
1106 1317 1307 1405 consumpte

285 1478 350 1542 §.4
378 1479 529 1548 materiem]
558 1482 672 1548 „liong
691 1484 724 1535 Δ.
747 1483 818 1533 Anu.
842 1480 893 1535 ox.
912 1480 983 1532 Imr-
1000 1479 1073 1532 (icet.
1091 1481 1176 1534 voss.
1194 1482 1227 1539 c.
1247 1482 1304 1538 inc.

250 1549 408 1605 materiem
430 1547 505 1601 MSS.
526 1552 647 1613 plerique
671 1554 700 1601 et
722 1552 790 1606 unu.
808 1546 897 1615 qdd.“
913 1549 1064 1603 materiam
1084 1552 1201 1607 Par-,A⁸
1221 1546 1305 1608 Vnt.

245 1621 308 1672 uc.
328 1620 408 1670 Goon.
427 1621 459 1668 Β.
475 1620 571 1669 tiemo.
589 1619 672 1672 Vini.
691 1622 725 1670 Λ.
744 1621 823 1674 Rom.
840 1631 866 1674 a.
885 1619 956 1670 ven.
976 1620 1031 1670 uei.
1049 1622 1112 1676 Ber.
1131 1620 1180 1673 tir.
1197 1624 1244 1676 ab.
1263 1629 1305 1679 se.

251 1689 338 1741 urere
357 1691 434 1739 Turr-
469 1687 514 1738 (Ἀ.
534 1690 597 1738 adn.
616 1700 656 1740 er.
675 1686 757 1752 adt,
775 1690 807 1742 17
824 1686 851 1747 S·
871 1689 899 1741 8.

212 1778 215 1783 ·
287 1758 492 1818 occurreretur]
521 1758 550 1808 S.
574 1754 658 1807 Incidi
677 1758 711 1807 A.
734 1757 797 1809 Par.
818 1760 847 1806 Β.
872 1759 945 1823 liar.
963 1760 997 1807 A·
1022 1756 1103 1809 Vinii.
1121 1760 1155 1811 Δ.
1180 1756 1224 1816 lu.
1242 1776 1303 1831 sqq.

250 1826 357 1890 Reliqui
374 1824 438 1877 iibri
455 1839 515 1876 cum
533 1826 614 1877 edicte
630 1827 871 1890 autesceiigernnr
883 1825 998 1888 simplex
1009 1828 1111 1879 labent
1121 1835 1304 1887 curreretur

249 1894 362 1961 (linaro.
379 1897 537 1954 curretur)
555 1907 607 1957 quo
624 1893 729 1946 Caesar
744 1908 832 1960 neque
850 1894 916 1946 aiibi
934 1907 1002 1945 usus
1021 1898 1157 1959 reperitur
1172 1914 1258 1967 neque
1275 1906 1303 1954 ir·

249 1966 270 2016 l.
285 1966 371 2026 potuit
388 1965 437 2015 uti.
473 1966 532 2024 Quo
550 1966 667 2030 currat,
685 1977 817 2029 quaerere
834 1962 945 2027 tingitur
960 1963 997 2026 ie,
1014 1966 1058 2027 qui
1072 1969 1161 2018 enimn
1174 1974 1302 2022 conster-

250 2037 333 2086 uetus
349 2037 408 2091 est,
426 2035 534 2097 qualern
552 2034 710 2084 Euclionem
728 2033 796 2085 iacit
815 2034 928 2093 Plautus
946 2034 1039 2082 Auiui.
1061 2030 1090 2099 t,
1107 2037 1135 2101 θ’,
1154 2036 1186 2089 lt
1208 2040 1303 2108 Perit,

248 2103 368 2169 interii,
395 2103 495 2153 occidi.
531 2104 593 2165 Qun
610 2096 753 2153 curram?
778 2116 834 2168 qun
849 2114 906 2151 nors
924 2096 1069 2153 curram?
1094 2118 1182 2171 neque
1200 2122 1248 2161 res
1267 2123 1304 2164 ea

241 2175 309 2236 eet,
342 2171 420 2223 cuius
440 2171 539 2233 aliquis
562 2169 802 2233 tarraconenses,
829 2179 860 2220 ue
876 2178 953 2220 recte
973 2172 1028 2221 dici
1050 2178 1133 2235 queat
1148 2174 1203 2229 uin
1223 2182 1303 2232 ratio

247 2254 332 2304 posse
348 2240 430 2292 iatri.
464 2239 648 2302 compositam
665 2251 733 2291 vero
751 2239 921 2303 aptissimum
939 2240 967 2289 ct
983 2252 1099 2303 prorsus
1109 2245 1204 2298 endem
1217 2262 1303 2302 sensu

249 2314 408 2371 usurpatum
434 2318 478 2359 cst
501 2312 536 2377 3,
568 2306 633 2368 48.
649 2311 685 2357 ¹¹2:
718 2311 752 2359 ot
769 2312 898 2375 quaeque
912 2320 986 2372 prore
1004 2312 1174 2365 castrorum
1190 2318 1304 2372 nudata

249 2378 450 2443 defensoribus
466 2377 562 2442 premi
579 2376 745 2444 videbatur,
763 2392 797 2430 eo
816 2389 978 2430 occurrere
995 2382 1025 2431 et
1041 2382 1189 2436 nuseium
1198 2388 1302 2505 Xerse.

174 2466 176 2471 ·
284 2445 347 2504 §.5
373 2457 481 2507 semper
499 2443 582 2511 duee]
614 2447 698 2496 Voss.
716 2450 749 2497 A.
774 2449 850 2510 [lgm.
870 2447 945 2497 Gott.
962 2450 1046 2512 Bong.
1067 2451 1101 2500 A.
1118 2452 1183 2505 Per.
1227 2458 1302 2513 ‚lin

250 2516 306 2563 ΑΒ.
331 2516 412 2565 Vrat.
438 2514 517 2567 ABG.
545 2515 624 2563 Goth.
644 2516 675 2564 Β.
702 2517 755 2565 Gn.
778 2516 861 2568 vind.
883 2516 951 2566 nul.
977 2519 1037 2566 eod.
1062 2523 1128 2571 ante
1145 2524 1209 2579 Alci.
1226 2526 1303 2580 duae

248 2583 345 2633 Hamb.
370 2584 450 2633 vind.
474 2584 507 2635 Β.
533 2584 608 2635 duae
634 2596 749 2650 semper
775 2585 862 2646 (flav.
886 2587 938 2646 Α.)
963 2586 1043 2641 vua.
1062 2591 1097 2639 A·
1116 2592 1180 2648 Aio.
1196 2606 1224 2646 a.
1244 2610 1303 2663 sqq.

249 2659 358 2703 tacente
377 2651 445 2704 Onu.

150 2701 153 2713 '
283 2717 443 2786 pluresque]
473 2719 604 2784 duaeque
626 2722 696 2771 And.
716 2721 767 2774 01·
785 2722 1108 2787 mareoticorum.
1126 2728 1172 2779 air.
1189 2730 1240 2785 Gr.
1257 2735 1303 2787 air.

224 2832 229 2838 .
247 2789 278 2839 1³.
296 2792 369 2841 Man.
387 2791 474 2840 vase.
492 2789 609 2851 (lircil.)
627 2789 707 2842 liure.
728 2793 807 2852 Lips.
825 2793 969 2858 ‚‚melins;
993 2806 1056 2846 nanu
1075 2797 1234 2853 alternatim
1251 2816 1302 2855 ex·

239 2850 383 2909 ‘cubabant
406 2866 436 2908 et
458 2868 526 2919 opus
546 2855 719 2909 iaciebant.“
738 2860 845 2914 lictum.
881 2863 912 2913 Is
928 2864 1040 2915 easdem
1058 2866 1181 2928 legiones
1199 2874 1303 2933 partin

246 2926 411 2976 excubuisse
436 2938 484 2988 pro
507 2927 626 2992 caetris,
654 2928 755 2996 partim
778 2930 808 2982 in
831 2944 913 2991 opere
934 2930 1022 2983 fuisse
1040 2932 1156 2997 singulte
1173 2941 1302 2994 naariam

246 2997 422 3047 existimasse
439 2995 558 3046 vitietur.
593 2996 645 3056 Qui
662 2997 686 3047 si
705 3011 804 3051 sensus
822 3007 866 3049 eet
885 3000 1015 3052 lectionis
1025 3004 1151 3068 Aldinae,
1167 3021 1223 3061 non
1239 3024 1302 3063 ure.

248 3065 302 3116 tior
321 3068 399 3133 haec,
419 3065 468 3114 sen
486 3065 563 3127 peior
580 3066 704 3120 habenda
720 3076 779 3136 eet,
797 3082 859 3121 curn
877 3082 965 3134 neque
983 3073 1088 3125 tanturn
1107 3075 1232 3131 laborem
1248 3081 1302 3135 us-

208 3231 288 3283 qnam
304 3219 459 3283 imperfecti
467 3219 660 3272 coniunctivue
668 3234 734 3273 cura
775 3225 920 3286 protectus
930 3227 1135 3282 coniunctiruru
1146 3232 1193 3283 rel
1204 3237 1302 3300 regns.

206 3291 395 3340 coniunctioni
406 3291 516 3340 auditus
524 3293 734 3359 (contingeret,
775 3295 815 3344 rit
837 3296 885 3344 rel
910 3289 1040 3349 admittit.
1073 3299 1165 3351 Simili
1188 3307 1302 3360 ratione

207 3360 385 3421 enumeret,
406 3358 601 3424 hortaretur)
618 3365 652 3413 ab
670 3360 734 3423 ipse
774 3363 884 3414 Hirtius
900 3366 937 3431 8,
953 3364 990 3417 ta
1007 3367 1034 3430 s.
1051 3366 1084 3419 le
1116 3368 1188 3421 Oura
1202 3377 1302 3438 perte.

207 3429 401 3493 coniunctinne
443 3431 577 3491 temporis
618 3432 733 3480 demon·
774 3433 891 3484 nacitor
905 3437 1080 3489 resisterent
1092 3440 1303 3504 opsideremu-

207 3500 317 3549 strenui
341 3499 398 3548 viru
415 3499 623 3563 interresset,
653 3501 732 3549 cuius
773 3514 887 3568 qaoque
898 3509 987 3568 parte
999 3519 1119 3558 suorum
1129 3510 1182 3562 siti
1192 3517 1303 3569 amara

206 3564 237 3616 in
263 3568 355 3618 locum
371 3567 556 3632 nemesius,
589 3567 637 3631 qui
655 3568 731 3617 iuter
772 3570 804 3621 in
827 3575 974 3627 sententia
994 3584 1222 3649 permanerent,
1254 3587 1301 3640 oei

204 3639 301 3699 partes
314 3636 731 3703 tntumefficientesintercedit,
770 3644 1002 3704 postremum
1036 3647 1179 3699 conicum
1208 3666 1301 3709 cenae

204 3704 373 3767 significatio
404 3707 524 3765 videtur¹
544 3708 729 3757 successisse.
772 3710 864 3777 sontis
888 3713 1044 3779 interamne
1067 3720 1138 3769 sunt
1159 3722 1299 3787 aeques-

203 3773 274 3823 Nam
289 3785 395 3831 ,causae
415 3774 525 3839 quidem
540 3776 628 3843 notin,
646 3787 730 3838 quam
772 3791 886 3831 cereae.

129 3836 131 3840 ⁴
203 3843 289 3906 vulgo
301 3844 731 3906 propterconiunctirnnriuesss
822 3847 884 3914 §.5
906 3850 1020 3913 partitis
1039 3854 1225 3919 temporibus]
1252 3858 1298 3913 (it.

114 3918 116 3922 ·
203 3909 233 3960 in
251 3923 283 3962 ee
301 3915 409 3977 putant,
429 3913 474 3963 uic
491 3914 583 3965 lecum
600 3926 656 3969 uon
673 3917 727 3965 ha·
770 3919 833 3968 adn.
852 3931 893 3972 cr.
909 3922 945 3970 ao
961 3923 1127 3989 pluresque.
1151 3930 1180 3994 Β,
1196 3928 1216 3978 6
1234 3926 1261 3991 s.
1279 3933 1295 3981 1

202 3980 258 4042 oet,
275 3983 304 4030 et
321 3981 440 4042 partium
453 3995 543 4033 nexus
555 3995 610 4036 nnn
624 3986 726 4050 minus,
768 3988 892 4052 partitis
905 3990 1005 4055 copiis.
1027 3993 1067 4044 lh.
1082 3996 1127 4062 33,
1146 3997 1162 4045 1
1179 4000 1298 4062 partito

203 4059 286 4110 quam
303 4062 406 4103 causae
424 4054 454 4102 et
470 4054 586 4104 effectus
603 4052 633 4104 in
647 4055 726 4119 cogi·
769 4057 913 4111 euersae.

200 4118 308 4169 tatione
331 4120 439 4183 posius
467 4124 497 4171 et
512 4125 548 4174 ab
567 4122 645 4187 eius,
677 4124 727 4186 qui
824 4127 912 4181 omnis
931 4127 1014 4197 vern]
1046 4131 1091 4181 iic
1112 4133 1248 4191 advertito
1265 4150 1294 4190 r.

200 4189 388 4259 vernasset,
412 4190 516 4247 intimo
532 4194 563 4244 et
580 4192 726 4248 voluntate
769 4196 834 4250 eon.
852 4209 892 4249 cr.
908 4200 945 4251 eu
962 4199 990 4268 1,
1010 4202 1043 4251 te
1062 4199 1088 4261 s.
1107 4204 1133 4253 2.
