2700 4726
430 292 536 368 ilii.
561 293 645 367 v11.
693 293 814 369 GAP.
836 298 880 365 ll
1141 290 1222 368 '359

133 479 225 566 quod
248 501 289 548 eo
312 480 504 564 mitterent,
533 483 786 574 comparabant.
828 482 905 550 Huc
926 481 1029 551 biduo
1051 483 1217 574 pervenit.
1240 495 1261 561 d

132 568 270 637 Castris
298 576 374 637 ante
402 571 562 660 oppidum
594 573 716 660 positis
740 573 808 640 diei
830 578 982 661 tempore
1003 573 1160 638 exclusus
1182 574 1218 641 in

129 664 307 743 posterum
335 660 616 746 oppugnationem
648 659 764 726 differt
789 682 941 748 quaeque
971 658 1013 726 ad
1042 681 1114 725 eam
1143 682 1215 726 rom

128 745 209 809 usui
231 745 315 822 sint,
336 747 503 812 militibus
524 747 680 834 imperat,
702 757 738 814 ot
758 745 848 836 quod
867 747 1026 835 oppidum
1040 746 1213 816 Genabum

127 852 216 920 pons
239 832 387 901 fluminis
409 832 543 921 Ligeris
568 836 801 923 contingebat,
823 839 969 917 veritus,
990 857 1032 902 ne
1051 843 1153 903 noctu
1174 857 1214 902 ex
1236 847 1258 910 6

196 1037 226 1101 ς.
243 1036 269 1090 5.
285 994 362 1111 d·
371 1038 417 1091 die
431 1039 515 1093 Dorv.
533 1041 613 1095 Vrat.
629 1045 662 1098 G.
675 1046 754 1098 (ioth.
768 1047 799 1098 ii.
811 1042 854 1099 (it.
872 1042 933 1092 adn.
951 1054 990 1093 cr.
1008 1042 1044 1094 ad
1061 1044 1088 1110 2,
1105 1038 1215 1104 238³.

196 1108 267 1168 aiut]
286 1110 356 1158 aaut
373 1110 421 1164 lit.
440 1112 475 1162 A.
493 1105 575 1162 Vind.
592 1114 614 1164 1.
1212 1122 1217 1135 ‘

196 1178 225 1248 ς.
244 1181 270 1230 o.
296 1177 482 1244 contingebat]
510 1183 580 1234 And.
608 1183 636 1231 S·
661 1181 710 1232 Gn.
736 1181 793 1231 Pet.
811 1179 888 1232 Leid.
905 1183 938 1231 A.
956 1180 1028 1230 flav.
1047 1176 1079 1229 A.
1098 1178 1205 1230 Persii

159 1246 245 1298 Viud.
263 1249 296 1296 A.
310 1246 372 1296 nid.
392 1247 436 1297 ab.
454 1249 502 1299 (ir.
521 1251 565 1300 air.
583 1253 612 1302 P.
626 1253 698 1301 Man.
715 1252 795 1303 Torr.
813 1249 976 1300 continebat
989 1247 1088 1312 reliqui
1104 1247 1214 1298 codices

157 1318 188 1367 et
205 1318 266 1366 edd.
285 1316 370 1377 (died.
389 1329 414 1367 a.
433 1316 536 1382 cotio.)
572 1321 603 1370 id
617 1321 802 1371 Hotomanuos
819 1319 947 1369 tuebatur
964 1319 1065 1369 collato
1084 1318 1145 1368 ioco
1163 1315 1213 1367 Ci-

157 1385 270 1435 ceronis
285 1386 371 1438 verr.
388 1383 416 1448 4,
434 1385 468 1438 52
487 1390 515 1450 S.
533 1389 599 1456 117)
616 1391 648 1438 de
665 1389 816 1450 syracusis
836 1390 903 1437 haec
921 1387 1053 1437 dicentis:
1070 1398 1143 1450 poro
1160 1399 1212 1449 op-

155 1453 239 1522 pidi,
250 1467 323 1525 oure
339 1456 504 1518 appellatur
516 1457 626 1522 ioculo,
643 1457 721 1508 ruore·
732 1457 878 1509 dioirtntta
891 1458 1025 1523 aequato,
1042 1457 1131 1517 ponte
1141 1466 1213 1505 rttr·

155 1537 209 1575 oeta
227 1524 399 1588 adtoapitor
416 1527 445 1575 et
463 1528 639 1579 continetur·
674 1528 727 1576 sed
743 1527 869 1590 oppidum
881 1526 1019 1576 (denatum
1036 1525 1145 1574 domine
1159 1535 1212 1574 non

157 1593 248 1644 tuisse
265 1593 294 1643 iu
312 1598 381 1644 duas
400 1598 496 1657 partes
513 1597 648 1663 divisum,
680 1606 750 1658 qnae
770 1604 862 1659 partes
883 1599 963 1658 ponte
981 1593 1114 1644 contineri
1128 1591 1211 1643 etium

155 1661 413 1714 execestriam
430 1663 483 1713 dici
497 1667 648 1727 potuissent
664 1666 717 1724 (ci.
737 1669 762 1729 1,
780 1663 815 1716 38
834 1663 861 1723 S.
875 1660 893 1713 4
910 1665 1054 1727 reliquum
1070 1661 1211 1724 aprutium·
1311 1704 1314 1710 .

154 1744 240 1783 morra
260 1732 391 1783 continet
407 1735 435 1781 et
448 1732 474 1796 5,
494 1733 529 1786 24
543 1736 569 1797 S.
586 1736 617 1794 7)
636 1736 722 1785 verbe
739 1736 836 1784 docent
851 1730 877 1790 S.
891 1733 925 1784 7:
943 1746 982 1784 em
995 1731 1100 1796 oppido
1111 1743 1211 1797 opres-

154 1800 184 1852 si
207 1800 316 1866 flumen
338 1803 471 1855 transire
490 1807 657 1866 coeperunt.
692 1802 782 1853 Aliter
800 1801 880 1854 Dion.
903 1803 1022 1853 Vossius
1041 1802 1210 1862 interprete-

151 1874 217 1921 tur.-
233 1871 351 1936 „urbem
369 1872 504 1921 adversae
523 1873 641 1922 duminio
657 1870 734 1933 ripae
751 1871 884 1936 adiungit,
899 1879 947 1921 aut
963 1871 1041 1935 quasi
1055 1882 1135 1920 onum
1150 1881 1211 1918 com

153 1940 208 1990 iiia
233 1940 417 1989 continentem
441 1939 547 1990 tacit-‘⁴
584 1943 638 1991 sed
660 1953 736 2002 quern
757 1940 958 1990 confirmandae
977 1937 1211 2002 interpretationis

151 2009 290 2060 adscribit
307 2010 394 2059 iooom
408 2006 470 2058 civ.
491 2011 516 2070 1,
535 2005 570 2060 54
587 2010 614 2070 s.
634 2012 666 2058 3:
684 2009 923 2078 militet-flumen
938 2009 1128 2072 indemortui
1140 2019 1210 2056 con-

153 2078 354 2143 tenentemque
378 2076 463 2143 ripae
483 2079 583 2129 coliem
603 2079 761 2142 improviso
778 2079 917 2141 occupat,
942 2076 966 2125 is
983 2077 1024 2127 ito
1042 2082 1145 2126 tanturn
1161 2088 1209 2124 re-

152 2147 225 2199 terri
245 2150 296 2196 itno
320 2152 426 2212 potest,
458 2145 483 2196 si
501 2148 585 2211 ripae
604 2148 742 2210 genitivos
763 2150 806 2196 est
824 2146 946 2208 pendens
959 2157 995 2194 ex
1012 2144 1208 2195 continentem

152 2216 302 2280 participio
320 2215 399 2264 verbi
416 2217 557 2267 transitivi
575 2229 624 2281 pro
642 2216 778 2267 adiectivo
795 2214 893 2275 posito,
910 2216 940 2264 et
958 2214 982 2263 ei
999 2214 1149 2264 continere
1168 2213 1208 2262 ri-

150 2297 218 2348 pam
236 2285 308 2335 idem
326 2284 464 2348 significet
483 2291 563 2348 atque
578 2287 761 2350 continemur,
778 2283 909 2351 tottieptn,
927 2283 962 2338 iat
980 2281 1209 2350 iuiemmetiotpt

152 2356 283 2424 reputent
313 2352 356 2403 sin
375 2355 457 2419 ripae
482 2355 593 2406 det-ivus
612 2363 670 2418 est,
689 2354 910 2418 quemadmodum
931 2348 1091 2403 Ciceronem
1110 2355 1220 2425 oe‘retu³
1258 2348 1261 2364 ¹

150 2423 446 2485 perterrerentur,
461 2426 583 2488 praedio
596 2425 688 2492 titudo
700 2423 881 2475 continentia
894 2422 997 2471 dixisse
1010 2421 1100 2472 lexico
1114 2423 1209 2471 osten·

152 2496 233 2558 dunt,
249 2492 401 2544 continens
419 2494 583 2544 adiectivum
602 2502 645 2544 est
663 2508 699 2542 ex
717 2493 797 2543 verbi
811 2491 983 2542 intransitivi
999 2491 1143 2552 participio
1160 2493 1208 2539 ta-

153 2566 230 2613 ctum
253 2563 375 2624 idemque
399 2562 536 2625 significat
559 2568 640 2626 atquo
663 2563 848 2612 coniunctum
873 2571 959 2623 nequo
977 2567 1025 2610 ant
1041 2561 1128 2620 ipsun
1147 2571 1208 2608 cum

152 2633 320 2683 accusativo
340 2631 462 2681 construi
488 2640 536 2683 eut
553 2634 588 2682 ad
610 2629 937 2687 verbioonstrnctionenr
956 2630 1069 2678 candent
1089 2628 1203 2690 proban·

151 2704 220 2751 darn
244 2701 368 2750 adhiberi
395 2704 494 2762 potest.
529 2705 588 2751 Non
607 2703 695 2763 magis
713 2702 746 2751 ad
765 2702 816 2749 hoc
833 2698 939 2748 iaciunt
956 2698 1085 2748 Plautina
1102 2697 1160 2746 iiii.
1178 2699 1207 2759 2,

152 2772 171 2822 5
190 2783 218 2818 v.
238 2770 274 2820 58
290 2780 317 2819 et
330 2768 415 2821 stitit.
434 2774 462 2832 3,
480 2771 494 2818 1
513 2785 542 2822 v.
560 2768 604 2830 44,
622 2784 732 2832 quorum
751 2767 820 2819 iilud
836 2766 945 2831 (Nimis
962 2767 1025 2819 teat
1041 2768 1117 2831 quod
1129 2778 1208 2815 oom-

152 2841 269 2890 nteotuc
293 2839 455 2891 transtinet
476 2851 532 2902 per
553 2837 711 2905 parietem)
737 2838 767 2887 in
791 2839 890 2898 Febr„
922 2838 973 2885 hoo
997 2835 1070 2900 (Per
1089 2835 1208 2886 tortum

151 2913 284 2972 utroque
307 2911 482 2960 conmeatus
506 2905 651 2971 coortittet)
673 2911 707 2958 eit
726 2907 853 2958 Oberiitto
871 2904 1037 2966 adscriptum
1057 2913 1116 2967 eet,
1145 2917 1207 2953 cum

152 2984 298 3039 utrunque
314 2979 426 3029 verbum
445 2978 649 3028 intransitivum
665 2979 715 3028 sit:
740 2976 961 3044 butdtgthen13ut
982 2972 1144 3041 martiniana
1160 2973 1207 3026 oie:

153 3062 214 3102 nett-
247 3050 306 3098 liae
324 3060 391 3098 vero
409 3049 660 3109 interpretationes,
688 3059 757 3110 quae
777 3045 930 3095 accusativi
948 3046 1052 3105 pariter
1070 3047 1150 3106 utque
1165 3039 1209 3090 rei

152 3127 274 3168 maturae
291 3118 319 3164 et
336 3117 425 3178 oppidi
443 3118 513 3167 situs
532 3119 663 3167 rationem
681 3117 801 3178 nabent,
825 3115 900 3162 vent
918 3113 1052 3176 Daeirnii,
1076 3112 1122 3175 qui
1140 3108 1209 3159 dicit

153 3200 220 3236 osse
236 3190 385 3252 coercere,
403 3191 433 3236 ut
449 3188 520 3236 alins
538 3199 590 3236 non
609 3186 684 3234 esset
699 3185 799 3248 exitus,
816 3181 1011 3245 Barrmstarkii‚
1029 3179 1074 3243 qui
1092 3180 1147 3228 trie
1166 3178 1207 3227 si-

151 3257 210 3306 nroi
230 3256 370 3321 proponit:
403 3256 454 3311 iiie
473 3255 568 3312 urite
584 3255 636 3324 titt
652 3255 688 3308 oio
703 3254 788 3308 &teht
806 3250 863 3317 itii,
889 3250 983 3317 idptittt
999 3250 1042 3316 tt)
1060 3247 1105 3313 trit
1121 3247 1208 3328 enutio

153 3325 243 3380 &tuot
258 3339 305 3388 cc,
324 3326 405 3390 madri
421 3328 467 3378 tec
492 3326 588 3391 &diui
605 3327 646 3378 ort
667 3323 751 3378 &tobi
768 3320 848 3387 solbit,
867 3319 1012 3383 Lippert,
1044 3318 1094 3371 eico
1111 3317 1207 3372 orror

151 3394 260 3449 veritat
277 3394 314 3448 oio
330 3394 414 3449 &tobi
432 3395 480 3448 mit
498 3397 551 3449 teta
570 3392 709 3461 renititipen
726 3392 795 3456 iiior,
811 3391 914 3459 partior
927 3389 988 3438 osui
1005 3387 1124 3450 linguae,
1143 3397 1208 3446 par-

151 3474 202 3513 tun
224 3466 402 3526 sequentibus
418 3465 507 3513 miuus
526 3464 698 3526 conveniunt,
715 3470 808 3510 omues
826 3465 917 3509 autem
936 3468 968 3506 eo
986 3457 1121 3515 laborant,
1138 3456 1208 3516 quod

151 3540 232 3584 certo
248 3533 423 3601 significato,
440 3544 519 3597 quern
537 3532 678 3584 Ciceronis
698 3522 942 3593 locuemonstret,
961 3527 1068 3584 subiato
1086 3507 1207 3576 arbitra!

171 3704 242 3765 quod
252 3713 285 3753 eo
298 3703 450 3761 mitterent]
461 3702 525 3754 sine
538 3702 644 3754 ratione
685 3701 784 3754 tionem
797 3694 928 3759 caeseris
941 3691 1098 3756 imperantis
1110 3695 1208 3756 refert,

112 3785 295 3836 supervacua
324 3778 390 3824 naec
420 3774 557 3823 nonnullis
580 3776 644 3823 sunt
686 3784 755 3836 quae
769 3770 926 3819 rectanaer
940 3767 1014 3816 erat:
1030 3771 1124 3826 parate
1139 3775 1209 3824 quae
1292 3797 1297 3805 .

112 3845 192 3894 viee.
226 3843 316 3892 liciam
332 3844 359 3893 in
376 3839 474 3906 oppido
491 3841 549 3903 ipso
563 3855 643 3904 prae-
686 3843 721 3891 ad
734 3836 957 3901 oppugnationem
969 3835 1030 3884 usui
1046 3837 1116 3884 sont.
1133 3835 1209 3893 Quae

109 3913 217 3964 sidium
236 3924 395 3972 comparare
411 3911 548 3962 carolites
568 3915 645 3974 pote-
687 3906 836 3963 cuiusmodi
854 3909 962 3969 essent,
979 3901 1032 3968 ipsi
1050 3905 1181 3954 sciebant.

112 3983 190 4046 rant,
205 3980 310 4032 incoias
322 3992 415 4032 omnes
428 3980 475 4043 qui
484 3993 560 4031 arnna
569 3983 643 4031 terre

110 4057 242 4115 possent,
253 4060 390 4103 ermenteo
402 4054 431 4102 et
444 4051 472 4100 iu
485 4050 570 4102 muris
583 4053 642 4102 coi·
737 4047 765 4108 S.
782 4048 800 4096 6
818 4042 1005 4109 contingebat]
1024 4042 1066 4092 Gi.
1084 4045 1110 4105 1,
1128 4040 1164 4090 38
1181 4038 1210 4097 S.

110 4123 253 4174 iocantes.
578 4184 581 4189 Ι
686 4116 713 4168 i.
733 4119 759 4181 5,
778 4114 814 4167 ta
830 4117 857 4177 s.
875 4117 901 4164 6.
919 4116 949 4175 6,
965 4117 1001 4164 29
1018 4111 1045 4174 S.
1063 4114 1089 4162 2.
1106 4110 1167 4169 7‚7
1184 4107 1212 4168 S·

169 4192 198 4254 s.
218 4188 236 4242 5
260 4187 327 4255 sint]
359 4185 557 4260 coniunctiores
578 4188 644 4242 oia·
688 4188 713 4240 i.
732 4192 767 4240 23
786 4186 815 4250 s.
833 4190 859 4239 3.
877 4181 914 4236 24
927 4181 955 4244 s.
976 4185 1001 4232 2.
