2700 4726
164 289 232 356 sao
423 264 498 354 'nn
526 287 711 356 neoto
743 288 998 361 donnico

265 477 321 545 63.
364 473 562 543 Defectione
591 475 808 543 Haeduorum
838 479 972 564 cognita
999 478 1124 544 bellum
1152 501 1252 565 auge·

121 566 142 623 2
166 569 234 630 tur.
261 563 464 647 Legationes
478 565 512 630 in
528 586 643 630 omnes
657 573 772 653 partes
788 567 1120 632 circummittuntur:
1141 573 1251 653 qnan-

163 656 235 715 tum
257 652 380 734 gratia,
402 654 616 733 auctoritate,
637 655 779 738 pecunia
799 654 923 735 valent,
943 653 987 720 ad
1011 655 1251 720 sollicitandas

121 737 318 806 Scivitates
351 739 521 808 nituntur.
568 737 673 805 Nacti
701 739 856 822 obsides,
892 763 980 828 quos
1005 741 1134 810 Gaesar
1158 741 1252 828 apud

163 845 221 891 eos
249 823 470 916 deposuerat,
505 827 623 903 horum
653 828 823 916 supplicio
851 827 1048 896 dubitantes
1079 831 1251 899 territant.

119 905 140 970 4
161 909 290 980 Petunt
310 935 329 979 a
349 911 629 1001 Vercingetorige
650 913 807 998 Haedui,
829 926 868 982 nt
887 917 931 984 ad
954 939 991 983 se
1013 917 1127 984 veniat
1147 919 1254 984 ratio-

231 1101 298 1167 cip.
317 1108 361 1156 63.
388 1107 415 1176 §.
432 1103 452 1155 4
475 1104 518 1172 ot]
542 1117 594 1156 om.
612 1106 669 1157 Pet.
691 1119 747 1157 seo.
768 1106 835 1157 066.
854 1103 979 1170 (tecente
1000 1104 1252 1166 nannetensi.)

193 1175 264 1227 nov.
292 1175 366 1227 (icit.
391 1177 474 1226 Voss.
502 1173 533 1226 (t.
556 1177 641 1227 Dorv.
667 1177 735 1228 Lot.
759 1176 818 1226 Pel.
846 1177 898 1226 tio.
925 1173 1251 1226 vicedomnus.
1336 1222 1339 1225 ,

193 1242 291 1294 flami.
310 1245 407 1300 (vind.
425 1241 559 1310 nunni.)
577 1247 636 1294 edd.
655 1249 721 1295 ante
738 1246 810 1295 Ven.
830 1244 850 1292 t.
868 1247 946 1295 'l'urn
966 1244 1035 1294 066.
1071 1244 1167 1294 omitti
1182 1257 1251 1295 con-

194 1311 358 1363 iunctionem
375 1322 451 1365 recte
469 1315 590 1375 potuisse
609 1315 677 1365 066.
696 1314 788 1365 docuit
806 1315 840 1365 ad
857 1313 890 1380 t,
910 1314 943 1362 16
962 1311 989 1373 s.
1005 1317 1033 1375 3,
1051 1313 1177 1365 sedni.
1197 1325 1252 1364 nun

194 1381 323 1435 omissum
341 1394 359 1433 6
376 1382 510 1446 scriptore
527 1395 590 1432 esee
607 1383 714 1433 codices
733 1395 812 1448 qnam
830 1389 953 1446 possunt,
974 1381 1054 1432 tidem
1072 1383 1189 1433 faciunt.

159 1549 231 1604 otios
242 1551 413 1604 Forceliinns
427 1554 497 1613 nunc
511 1552 599 1602 iocum
611 1550 683 1602 inter
725 1561 805 1604 erant
822 1550 936 1603 Haedui.
971 1553 1092 1602 verbum
1110 1551 1251 1616 deposue-

158 1632 208 1673 eos
233 1623 333 1688 refert,
361 1622 458 1684 quibus
488 1622 578 1672 altera
605 1622 683 1672 verbi
725 1626 776 1675 rut
805 1636 858 1673 non
889 1623 964 1673 recte
987 1622 1184 1682 interpretatus
1209 1630 1253 1671 est
1296 1673 1297 1681 ,

157 1690 323 1756 significatio
340 1691 462 1757 obtinet,
480 1694 507 1740 et
527 1690 681 1752 Seyffertus
723 1693 772 1746 Fr.
793 1694 967 1752 warnerus:
990 1691 1027 1745 tie
1045 1690 1076 1756 fit
1096 1701 1153 1745 cont
1171 1689 1250 1756 ditat

157 1764 187 1827 1,
206 1757 241 1810 14
258 1760 286 1821 8.
305 1763 322 1808 3
341 1759 444 1822 respici
461 1758 544 1824 iuuet,
562 1759 609 1810 ubi
626 1760 681 1811 im·
722 1776 767 1832 ent
791 1760 965 1828 ffittttuiptuttg
989 1761 1128 1815 betummtn
1155 1759 1253 1826 butten.
1329 1790 1331 1794 s

156 1842 234 1894 putee
247 1829 470 1893 trtiisselegitur.
502 1829 603 1881 Eodem
617 1843 682 1892 per·
723 1830 838 1882 Rectius
862 1831 938 1879 dicas
963 1827 1000 1883 tie
1016 1829 1047 1884 (ξ.
1063 1826 1100 1883 bei
1120 1828 1193 1898 iiten
1212 1842 1252 1895 gt:
1336 1871 1338 1875 «

156 1897 247 1949 tinent
264 1897 397 1948 dictiones
414 1900 447 1965 6,
466 1894 485 1946 i
501 1897 528 1959 §.
547 1897 564 1949 5
583 1899 681 1950 eodem
723 1899 797 1967 [offen
817 1900 895 1967 tpottc.
929 1896 971 1946 ct.
993 1901 1030 1962 2,
1049 1898 1084 1946 29
1102 1896 1126 1962 t.
1146 1899 1178 1945 3:
1196 1898 1253 1947 im-

156 1968 262 2033 166666
279 1979 428 2028 responsu.
457 1966 493 2015 ib.
513 1968 564 2028 21,
583 1965 602 2017 i
619 1981 683 2019 ma·
721 1965 1020 2032 pedimentis—citro
1044 1965 1151 2029 fiumen
1167 1966 1251 2018 itte-
1333 2000 1335 2009 ·

156 2036 269 2089 mimum
281 2035 361 2087 tuter
372 2036 681 2102 suoeferuutloudem.
721 2050 791 2088 num
809 2031 953 2100 depositis.
980 2033 1014 2101 4,
1033 2035 1067 2084 te
1085 2035 1112 2097 8.
1131 2039 1164 2084 2:
1182 2036 1253 2087 tite-

155 2106 238 2157 Alex.
263 2108 315 2171 32,
345 2106 362 2153 2
386 2104 505 2169 dipsium
526 2104 684 2158 nocentem
721 2119 789 2172 ros,
819 2117 929 2156 umores
958 2115 1068 2169 666666
1099 2102 1196 2156 umato
1221 2105 1253 2154 iu

155 2175 291 2242 fructum
313 2172 436 2225 uirtutis
459 2176 489 2224 et
511 2173 602 2225 66666
620 2189 683 2227 mu·
720 2177 801 2227 silvis
824 2175 1010 2239 deponerent.
1045 2174 1081 2233 6,
1110 2169 1145 2222 41
1170 2173 1199 2234 8.
1218 2177 1252 2224 t:

154 2244 316 2310 puttudiuis
333 2244 411 2294 tulit.
450 2243 543 2294 ovidii
561 2243 637 2296 uest.
658 2247 682 2306 1,
722 2258 787 2296 cum
806 2256 841 2295 eu
860 2242 986 2307 praeda,
1018 2252 1103 2306 quum
1121 2241 1152 2291 iu
1167 2243 1251 2294 eduis

154 2314 208 2364 00:
230 2313 373 2367 illituum
389 2313 483 2362 Romu
501 2312 598 2364 duduc
619 2315 681 2365 Du·
721 2314 925 2380 deposuerunt.

154 2395 224 2434 uano
245 2381 296 2434 sub
315 2383 442 2433 aduerso
462 2381 562 2432 tristia
579 2384 681 2433 Morte
775 2386 869 2434 norum
886 2378 1035 2446 supplicio]
1052 2381 1154 2439 Dorum
1171 2378 1200 2430 id
1218 2392 1252 2431 66

154 2451 232 2502 tulit.
251 2460 279 2500 et
294 2462 363 2512 qnae
381 2449 498 2500 similem
516 2453 597 2512 atque
611 2454 681 2501 haec
723 2463 807 2516 prope
815 2450 974 2502 incredibile
983 2449 1073 2501 visum
1081 2452 1252 2500 Hotomenno

154 2519 352 2571 dubitationem
375 2517 535 2584 admittunt,
567 2519 628 2571 Gis.
653 2519 680 2584 1,
723 2522 855 2586 „Aedone
880 2519 910 2569 in
933 2519 1043 2569 obsides
1067 2519 1184 2585 Gallos,
1214 2519 1250 2569 ad

153 2586 190 2640 84
208 2587 236 2649 8.
253 2592 271 2639 3
286 2586 559 2652 satoquesoppucu
571 2587 680 2639 tectiore.
723 2602 816 2641 eorum
841 2588 970 2639 oteltates
995 2588 1153 2651 terrendus,
1182 2600 1250 2639 sae-

45 2662 46 2671 *
152 2656 190 2708 io.
211 2661 245 2718 2,
271 2657 304 2707 21
330 2656 358 2717 8.
377 2661 392 2704 2
410 2657 481 2707 bone
497 2656 618 2706 restitnit
635 2655 681 2720 iis,
723 2655 847 2723 visse“,
880 2656 996 2708 Davisio
1015 2658 1103 2708 iudice
1123 2657 1251 2708 innume-

153 2737 223 2790 quos
237 2723 350 2776 liberius
363 2724 681 2791 locutostoucpoeuum
722 2740 786 2778 num
812 2727 936 2788 quidem,
968 2733 998 2776 at
1020 2725 1128 2777 minime
1153 2727 1250 2776 incon-

152 2795 256 2848 tultese
273 2803 450 2857 cognoverat.
723 2797 839 2847 veniens
867 2794 1007 2860 barbarie,
1045 2794 1094 2844 elii
1124 2795 1251 2857 mitigant

207 2863 273 2926 cap.
298 2867 341 2914 63.
366 2864 394 2926 s.
420 2868 437 2915 2
467 2867 503 2915 66
528 2864 680 2917 sollicitan—
721 2865 771 2931 ita,
790 2864 1027 2926 marcennacum,
1046 2870 1249 2926 consumptum

152 2934 204 2984 dee
223 2931 365 3001 civitates]
386 2934 541 2986 Verborum
561 2935 680 2995 disposi-
722 2932 887 2998 supplicium
905 2933 959 2982 dici
977 2934 1109 2982 statuant.
1145 2935 1248 2983 Eadem

150 3001 190 3054 tio
225 3005 253 3052 et
282 3005 464 3054 membrorum
495 3004 679 3067 aequabilitas
721 3002 857 3055 sententia
874 3004 935 3053 eret
952 3002 1135 3067 Petrurcttae,
1167 3014 1249 3065 quam

149 3072 289 3138 postulet,
321 3074 353 3122 ut
382 3073 451 3122 liaeo
480 3073 516 3123 66
538 3073 678 3124 nituntur
720 3086 774 3125 non
803 3078 983 3134 perspexerat
1007 3070 1153 3135 Davisius,
1187 3085 1250 3122 com

149 3141 259 3206 potius,
283 3154 363 3205 qouur
381 3142 416 3191 ad
433 3143 534 3193 voleat
550 3144 677 3194 reteren-
719 3141 764 3202 id,
782 3142 816 3191 de
829 3151 881 3205 quo
897 3140 1036 3191 dubitabat
1051 3141 1249 3203 Hotomannus,

66 3203 73 3217 ’
150 3217 212 3278 tor,
229 3210 283 3262 etsi
300 3213 400 3262 666666
416 3215 451 3276 6,
468 3212 505 3263 30
522 3208 549 3270 8.
569 3208 587 3261 4
604 3222 632 3262 et
649 3214 676 3274 7,
720 3211 824 3261 diserte
849 3208 947 3260 testari
971 3211 999 3257 et
1015 3211 1115 3259 lulium
1137 3209 1250 3260 celsum

149 3277 186 3330 84
209 3278 236 3340 8.
259 3276 293 3339 t,
318 3280 375 3330 niti
390 3292 615 3347 ,nusqnemcum
638 3283 678 3332 od
721 3279 865 3331 scriberet.
907 3275 1121 3344 ,‚Nootodunt,
1153 3275 1250 3344 iuquit,

150 3349 355 3413 praepositione
380 3348 422 3399 sic
445 3351 633 3400 constructum
659 3363 678 3401 6
720 3348 835 3400 tacenti
857 3349 945 3398 erunt
965 3347 1092 3399 omnium
1112 3350 1179 3416 fere
1200 3347 1250 3396 ot-

151 3411 274 3470 Ceesare
289 3418 436 3482 reperitur.
468 3418 678 3470 led-eoflirtio
719 3419 797 3469 sides
832 3418 1006 3481 6666666666
1041 3430 1111 3482 quos
1143 3415 1249 3467 6666666

149 3497 205 3538 non
235 3488 323 3539 solum
346 3487 454 3540 cetere*
471 3488 506 3552 8,
539 3491 574 3537 29
597 3487 625 3549 8.
649 3491 677 3552 3,
720 3487 830 3539 caesor
848 3486 898 3537 666
917 3485 1083 3538 Aeduorum
1100 3485 1156 3549 fide
1174 3487 1248 3538 reti-

150 3567 246 3613 verum
271 3557 354 3608 etiam
377 3550 436 3608 atet
458 3557 497 3609 ita
514 3557 614 3608 dictum
634 3561 677 3607 eet
721 3556 871 3622 666666-
884 3557 995 3606 Horum
1012 3568 1081 3622 erpo
1098 3555 1249 3620 suppliciis

150 3625 230 3675 Alex.
249 3626 301 3692 2⁰,
331 3628 365 3678 7:
396 3625 492 3677 auimo
511 3628 551 3677 uti
568 3640 677 3679 conuu-
719 3626 897 3677 tussitantes
928 3627 1088 3678 terrebunt.
1098 3621 1116 3652 “
1164 3625 1248 3675 Addit

149 3695 219 3746 deun
237 3694 301 3746 aiei.
337 3697 524 3746 couteraeed
542 3697 574 3761 1,
599 3700 634 3747 13
649 3696 677 3758 8.
720 3694 791 3746 enim
810 3695 869 3758 (18,
886 3693 936 3758 29)
955 3698 985 3746 et
1002 3695 1247 3757 nuucprecuudo,

149 3761 168 3814 4
185 3765 213 3812 et
230 3765 266 3813 66
288 3760 323 3827 t,
354 3763 389 3817 24
407 3764 434 3825 S.
451 3763 469 3814 t
492 3766 632 3826 adscripta
649 3769 678 3816 et
719 3777 815 3816 nunc
838 3764 1014 3816 minando
1031 3775 1114 3814 cuam
1130 3762 1161 3812 iu
1178 3776 1247 3814 seu-

148 3831 247 3882 vertee
262 3833 308 3887 tut
326 3829 436 3901 6666666
454 3833 485 3901 ste
502 3848 549 3902 ιιι,
578 3848 622 3890 utu
640 3834 677 3890 te
719 3833 841 3887 tentiam
859 3833 1022 3886 traiciant.
1057 3834 1152 3884 verna
1173 3827 1247 3884 Cae-

150 3901 266 3957 6466666
283 3915 313 3969 fin
326 3901 445 3970 brunnen.
720 3905 793 3954 saris
825 3905 966 3964 utramque
991 3902 1246 3963 interpretationem

202 3973 229 4033 s.
246 3973 263 4019 3
281 3973 352 4033 opud
369 3977 430 4032 eos]
449 3973 474 4026 it.
493 3986 518 4022 e.
537 3984 630 4023 eornm
648 3972 677 4022 in
720 3973 880 4036 admittunt3
896 3975 944 4023 sed
956 3972 1040 4034 prior,
1052 3983 1131 4035 quam
1144 3971 1247 4021 inadn.

148 4038 249 4090 flnibtu
267 4043 295 4090 et
314 4042 411 4104 oppido
429 4043 606 4109 Noviodnno,
624 4043 673 4092 sed
715 4045 751 4094 66
771 4042 799 4110 5,
817 4047 835 4092 6
852 4045 879 4107 s.
896 4041 915 4092 4
932 4043 1021 4093 secuti
1033 4053 1137 4104 snmus,
1156 4041 1246 4103 magis

78 4116 85 4123 ’
148 4108 279 4161 Romanis
297 4113 348 4161 soh
372 4112 545 4173 custoditos,
576 4110 674 4173 ouibus
717 4115 752 4163 66
784 4125 819 4164 66
848 4113 1052 4164 accommodato
1077 4122 1128 4159 nec
1154 4109 1246 4159 minus

148 4179 303 4234 iunctectis
325 4177 364 4246 (o.
383 4179 418 4235 55
437 4183 464 4245 8.
482 4177 514 4244 ⁵>
529 4180 610 4235 aucti
625 4192 674 4234 eos
717 4195 767 4248 per
785 4195 817 4234 se
836 4181 995 4236 verisimilis
1016 4180 1139 4244 videtur,
1166 4180 1246 4234 modo
1329 4250 1331 4256 ἲ

630 4298 655 4339 ,θ
