2700 4726
334 287 847 386 ,emmenum
1092 261 1227 368 ω’

77 480 194 562 peries
220 473 487 562 opponebantur.
540 472 657 542 Helvii
678 499 739 544 sna
761 484 882 564 sponte
905 501 979 559 curn
1002 479 1154 551 finitimis
1177 485 1198 545 2

75 564 209 648 proelio
229 563 401 646 congressi
425 565 597 651 pelluntur
619 573 655 630 et
678 564 764 633 Gaio
778 565 846 632 Vel
921 569 1155 651 ,Donctaurm

74 649 205 729 Caburi
233 650 336 728 filio,
364 650 516 738 principe
547 651 714 732 civitatis,
738 656 873 742 sorpto
931 678 1037 743 usque
1072 658 1150 722 aliis

71 737 264 803 interiectis
287 738 376 804 intra
398 737 521 825 oppida
549 759 587 804 ao
610 760 723 806 muros
747 743 993 828 conpelluntur.
1049 745 1149 811 Allo·
1172 743 1193 805 8

71 825 194 911 bruges
228 824 357 891 crebris
388 826 429 890 ad
452 823 649 893 Rhodanum
679 827 857 914 dispositis
877 829 1057 914 praesidiis
1085 840 1162 896 ma:

71 935 137 998 gna
157 931 230 979 cnm
253 934 335 978 cura
356 919 392 977 et
411 910 587 1000 diligentia
610 935 691 979 snos
708 913 792 980 fines
812 921 962 984 tuentur.
1013 911 1192 997 Caesoni

71 998 162 1086 quod
191 999 306 1064 hostes
342 1000 496 1085 equitatu
536 1002 728 1086 superiores
758 1023 833 1068 esse
868 1001 1082 1088 intelligebat
1117 1013 1153 1070 st

70 1087 266 1167 interclusis
288 1089 442 1154 omnihus
468 1087 647 1154 itineribus
666 1089 759 1154 nulla
782 1109 881 1169 rexex
903 1090 1076 1177 provincia
1101 1099 1153 1158 et·

141 1277 169 1338 s.
184 1279 201 1325 2
219 1275 352 1342 finitimis]
370 1275 510 1342 finitumis
527 1277 594 1328 Ond.
613 1281 639 1329 2.
749 1320 752 1325 .

140 1344 223 1412 Gaio]
244 1346 317 1398 tiott.
333 1348 408 1409 ngm.
427 1348 508 1400 Febr.
525 1350 607 1408 Bona.
623 1349 657 1396 A.
675 1344 717 1398 Pl.
738 1347 802 1398 Por.
820 1353 855 1403 A.
874 1350 924 1400 Dr.
943 1351 976 1399 A.
996 1349 1078 1400 Vrst.
1096 1345 1150 1399 An.

111 1416 194 1466 Vini.
216 1417 245 1463 B.
263 1414 296 1464 G.
324 1415 420 1466 flamb.
443 1417 515 1468 Med.
533 1429 559 1468 s.
587 1417 657 1466 ven.
677 1417 701 1466 b.
719 1415 747 1466 0.
766 1418 837 1467 Hor.
857 1422 891 1469 A.
906 1419 953 1469 Dr.
972 1418 1003 1470 li.
1021 1420 1100 1472 Vnst.
1119 1416 1151 1469 G.

105 1487 187 1536 Goth.
201 1484 230 1532 B.
251 1485 345 1533 nomn.
366 1486 451 1545 (Gn.)
469 1485 528 1535 edd.
548 1486 609 1535 rell.
626 1497 690 1536 cum
710 1486 792 1536 vind.
810 1488 845 1538 A.

141 1553 307 1613 Donotauro]
326 1554 480 1614 „Domnot
498 1555 543 1602 vel
562 1554 686 1605 Donnot.
704 1556 781 1604 Mas.
799 1556 906 1619 quidum
924 1559 951 1606 et
967 1556 1034 1607 lind.
1051 1556 1151 1618 ppei.

105 1624 194 1674 dcem
217 1620 283 1673 viro
307 1623 392 1672 Cui.“
432 1623 567 1675 Damnat.
592 1624 660 1672 Lov.
682 1624 741 1673 Pet.
768 1623 851 1675 Febr.
874 1627 956 1678 Vrec.
975 1624 1007 1675 0.
1040 1624 1151 1675 Domnc
1255 1671 1258 1689 ,

106 1689 207 1744 Tauro
230 1692 287 1740 Pet.
311 1691 393 1741 confi.
432 1693 557 1744 Donnot.
575 1692 658 1744 Voss.
677 1696 712 1743 A.
736 1692 812 1756 Egm.
835 1694 909 1746 Gott.
932 1693 1014 1744 Febr.
1034 1694 1096 1744 Par.
1116 1694 1151 1743 A.

104 1778 153 1829 nr.
170 1777 204 1825 a,
231 1773 310 1827 vrat.
323 1776 378 1824 nn.
404 1777 486 1834 vina.
500 1778 530 1824 e.
551 1760 659 1828 neiat.
672 1776 725 1826 cu.
743 1776 812 1826 ven.
824 1780 846 1828 r.
860 1780 983 1833 ,annuos
1001 1777 1150 1830 cotown.

105 1859 236 1914 douinot.
257 1854 337 1908 Vino.
357 1862 389 1910 Ε.
409 1861 469 1909 edd.
489 1863 552 1910 ente
572 1860 641 1909 Ven.
661 1862 680 1908 i.
705 1860 850 1918 (deuinct-
867 1863 937 1911 ven.
958 1864 999 1921 d.)
1023 1861 1150 1913 dorinot.
1184 1904 1195 1920 ,

106 1931 190 1981 Vino.
206 1928 228 1979 1.
253 1929 365 1979 Domct.
386 1929 433 1978 Dr.
446 1931 478 1981 B.
496 1929 574 1978 Goth.
594 1931 627 1978 A.
646 1929 725 1980 vinc.
743 1929 798 1979 Cli.
824 1929 936 1980 Decius
952 1931 1048 1982 Tauro
1065 1933 1150 1993 Bong.

104 1999 136 2056 c.
157 1998 216 2048 Pel.
242 1991 360 2047 Desino
379 1999 484 2048 tauros
502 1996 580 2048 Goon.
595 1998 625 2045 B.
651 1998 862 2050 Domnotauro
879 1999 977 2051 Hamb.
994 1999 1149 2060 Duninro,

105 2081 176 2121 corr.
194 2078 286 2131 auro,
307 2067 378 2116 flav,
396 2069 429 2120 A.
448 2068 538 2116 duum
555 2065 623 2116 niro
641 2067 689 2115 On.
709 2067 792 2117 Febr.

138 2151 238 2202 canori
256 2150 325 2208 lilio]
344 2151 433 2217 degam
445 2151 512 2202 utro
527 2145 606 2199 Vino.
623 2147 655 2202 A.
673 2163 724 2201 om.
738 2151 809 2202 liar.
819 2152 854 2200 A.
872 2147 997 2200 canorrs
1013 2176 1048 2187 -
1063 2147 1151 2217 ,‚ai.“

105 2223 202 2273 Hamb.
220 2219 317 2271 Gubuii
333 2244 368 2258 -
384 2220 462 2269 Leid.
477 2221 511 2268 A.
536 2219 658 2270 churci
675 2249 707 2260 -
726 2221 807 2283 Bong.
824 2218 855 2268 C.
874 2220 953 2268 Goth.
968 2218 1002 2269 A.
1023 2219 1104 2271 vind.
1119 2219 1150 2270 G.

106 2287 138 2341 ln
154 2293 217 2342 Ber.
243 2288 538 2408 docinotpurocetsri
555 2314 590 2325 -
611 2287 774 2339 coniunctim
792 2289 921 2351 scriptam
939 2292 991 2340 est.
1026 2287 1069 2338 Gi.
1088 2289 1151 2341 adn.

28 2383 34 2399 ν
107 2361 232 2410 cr.ch
266 2356 391 2419 473..

140 2392 380 2494 conpluiibusque]
466 2424 550 2476 Febr.
569 2423 652 2490 Bong.
670 2429 704 2476 A.
731 2428 794 2477 Par.
812 2428 845 2474 A.
870 2437 924 2476 uon
939 2426 1038 2489 compi.
1053 2424 1151 2490 piuri-

106 2499 213 2559 curque
230 2496 311 2549 Vini.
331 2497 361 2546 A.
384 2507 438 2556 poe
456 2507 506 2546 om.
532 2495 579 2549 Dr.
599 2500 632 2546 A.
649 2507 667 2546 a
684 2508 720 2545 ns.
739 2507 781 2557 pr.
799 2495 869 2546 Ven.
889 2493 930 2543 sle.

141 2565 251 2629 oppida]
272 2565 368 2629 oppidi
387 2559 464 2616 Vino.
481 2567 515 2617 A.

143 2648 177 2687 ac
196 2636 301 2692 muros]
320 2632 405 2696 Oui„
425 2633 471 2695 qui
490 2644 550 2683 cum
570 2632 640 2681 Aido
658 2633 686 2679 ct
702 2646 762 2695 sqq.
781 2629 864 2681 edidit
880 2641 1053 2695 murosque,
1069 2629 1109 2681 ita
1125 2629 1152 2680 in

109 2706 181 2755 And.
194 2704 245 2754 01.
264 2703 313 2754 Cu.
330 2703 377 2764 S.,
393 2701 422 2751 in
439 2699 552 2763 reliquis
570 2707 598 2749 et
614 2700 642 2748 in
662 2701 728 2753 Ede.
746 2714 790 2763 pp.
807 2711 843 2750 nc
860 2701 906 2749 vel
922 2703 952 2751 et
969 2711 1070 2750 ruuros
1088 2699 1153 2763 legi,
1243 2758 1256 2772 ο

107 2775 137 2824 in
160 2773 237 2823 Leid.
255 2768 288 2820 A.
314 2783 384 2820 am.
403 2782 445 2830 pr.
467 2777 494 2818 eo
518 2770 736 2830 aMctaplrraste
761 2780 918 2834 noerosque
942 2768 1071 2819 omissum
1089 2780 1154 2819 esse

108 2846 195 2893 docet.
232 2850 267 2892 ac
290 2850 390 2890 meroe
415 2839 513 2888 nobem
537 2838 622 2888 Voss.
641 2841 675 2887 A.
700 2840 757 2888 Pet.
776 2841 852 2902 tagm-
878 2838 952 2890 Gott.
976 2839 1046 2888 Lov.
1070 2837 1154 2889 Febr.

107 2914 193 2974 Boug.
209 2912 241 2958 A.
262 2911 303 2959 Pi.
327 2909 392 2958 Par.
411 2909 445 2956 A.
472 2909 519 2956 Dr.
537 2908 591 2956 An.
611 2900 689 2956 Vrat.
711 2905 789 2959 ABG.
814 2907 891 2958 ectr.
909 2904 966 2956 AB.
990 2906 1085 2956 Hemb.
1101 2905 1154 2956 Gn.

108 2980 189 3032 Vino.
208 2978 262 3032 BF.
292 2980 322 3028 et
339 2986 440 3028 muros
463 2976 523 3025 edi.
542 2982 605 3026 ente
623 2976 686 3025 Ain.
718 2987 819 3026 moros
843 2976 923 3027 Vind.
941 2973 975 3024 A.
1000 2987 1156 3039 noerosque

109 3052 183 3102 flav.
200 3046 234 3098 A.

144 3131 345 3195 conpelluntur]
357 3115 372 3178 ἶ
437 3128 518 3178 Febr.
548 3127 630 3190 song.
646 3127 682 3176 A.
702 3128 767 3178 Par.
785 3129 818 3177 A.
838 3139 891 3178 non
908 3138 998 3191 comp.

144 3216 171 3277 S.
189 3221 206 3268 3
221 3215 294 3275 cnm]
314 3229 366 3266 om.
387 3217 470 3277 Boug.
487 3216 520 3262 A.
539 3211 580 3264 Pl.
598 3213 676 3265 cuius
694 3213 865 3264 collationem
883 3213 910 3262 iu
936 3214 997 3263 cin.
1017 3224 1056 3262 cr.
1075 3213 1110 3262 eo
1127 3214 1155 3276 6,

109 3289 145 3337 86
165 3286 192 3347 s.
213 3287 227 3335 1
246 3285 384 3348 respicere
401 3296 444 3334 me
459 3285 576 3346 ingerat.
846 3290 849 3300 ·

144 3367 227 3436 fines]
254 3369 312 3418 Hoc
337 3369 365 3418 in
384 3369 430 3418 Gr.
452 3363 710 3418 temerenmissum
734 3365 815 3415 etiam
835 3365 903 3417 ond.
928 3367 956 3418 in
982 3374 1096 3427 utraque
1116 3365 1157 3416 ed.

111 3439 201 3491 ommis
220 3449 305 3499 neque
321 3450 435 3499 usquam
454 3439 514 3488 eius
531 3435 573 3488 rei
590 3436 751 3487 mentionem
770 3434 845 3487 iecit.

128 3607 156 3670 s.
175 3610 192 3658 2
210 3618 261 3657 sun
278 3607 388 3668 sponte]
411 3605 484 3656 Male
502 3605 598 3655 Since-
691 3616 751 3654 cum
775 3599 910 3668 finitimis]
935 3609 993 3667 „ut
1016 3604 1080 3651 sont
1103 3601 1161 3653 iis·

75 3688 221 3728 rusverac
236 3674 458 3736 interpretationi
470 3685 514 3729 not
527 3671 599 3742 (ilat)
642 3674 713 3737 nali,
732 3672 868 3737 Arverni,
891 3669 1009 3732 Ruteni,
1033 3668 1162 3738 cadurci,

77 3745 122 3814 sid)
143 3745 210 3812 [sibit
233 3744 335 3797 adiecit
360 3744 421 3814 cipite
441 3744 521 3812 stotp.
555 3740 605 3795 cf.
644 3743 763 3805 Volcae,
787 3737 943 3793 Aremici.“
974 3739 1163 3793 linellicanus.

78 3819 142 3867 atu.
166 3817 202 3866 ad
228 3815 295 3879 1,s
321 3813 349 3875 S.
367 3817 393 3865 2.
425 3814 518 3864 Helvii
541 3812 600 3861 suis
643 3811 768 3863 fluncde
784 3814 951 3863 Rutenorum
962 3808 1163 3861 caturcorum-

78 3883 187 3935 viriims
224 3881 321 3934 conlisi
356 3883 416 3933 sine
446 3881 601 3932 cohortibus
645 3891 696 3942 pne
730 3884 831 3931 eventu
856 3879 991 3932 silentium
1017 3881 1163 3942 scriptoris

79 3954 215 4016 proelium
241 3951 435 4003 cumessam
453 3951 604 4002 Arvernis·
645 3951 780 4000 fefellisse
799 3950 922 4012 videtur,
945 3951 977 3999 nt
992 3949 1028 3998 ab
1045 3950 1165 4016 illorum,

79 4034 133 4087 que
159 4019 350 4084 commisisse,
372 4023 501 4074 cohortes
524 4019 605 4084 ipsae
647 4031 717 4081 quoe
736 4032 760 4069 c.
780 4015 895 4078 otssti
913 4014 1058 4086 leguntur,
1081 4033 1165 4072 sensu

80 4090 160 4154 ninii,
177 4091 249 4154 quod
260 4088 507 4157 memorianignnm
519 4098 605 4157 esset,
647 4089 790 4153 tantopere
806 4086 988 4141 aberraverit.

78 4161 205 4226 gessisse
222 4158 361 4213 videntur.
