2700 4726
424 275 880 358 tmnumnm
1121 278 1188 372 m

104 465 245 529 multum
270 485 327 529 eos
351 463 550 543 adiuvabat,
580 463 669 550 qnod
689 462 791 548 Liges
812 486 852 528 ex
873 432 1004 529 nivibus
1025 469 1189 544 creverat,

103 560 144 617 nt
165 550 299 619 omnino
321 553 406 619 vado
429 575 494 619 non
518 575 617 643 pesse
639 555 779 618 transiri
797 552 978 622 videretur.
1020 554 1077 621 56.
1101 551 1187 639 Qni-

137 746 171 793 A.
186 741 328 802 vinds.)
344 743 496 808 prouincia
515 747 663 810 expellere
681 744 882 808 (pellerenub.
898 755 962 794 am.
975 735 1017 805 pr'.
1032 742 1188 795 excludere

137 812 187 862 Cu.
201 813 235 885 S.⁸
246 813 361 862 Laide.
378 813 428 861 Ox.
443 815 533 875 „lora
547 820 575 865 et
592 810 682 868 And.“
698 817 732 864 V.
741 814 771 865 G.
784 814 865 863 Dion.
880 814 964 864 Voss.
981 815 1051 862 llav.
1062 818 1092 862 Α.
1104 812 1188 882 Vinii.

135 884 171 930 A.
190 880 272 946 ond.)
293 893 327 931 ea
342 895 431 944 neque
447 885 620 936 tolerabilem
638 897 748 933 sensnm
763 886 897 945 praebent
914 897 1002 945 neque
1018 881 1188 944 probabilem

137 951 287 999 admittunt
305 953 530 1002 emendationem.
568 957 610 1004 Ad
628 941 799 1015 prbvinciam
816 955 899 1015 enim,
918 959 998 1014 quant
1010 953 1101 1001 dicere
1114 950 1188 1001 seri-

135 1023 200 1082 ptor
212 1021 293 1080 solet,
312 1033 404 1069 earum
419 1035 521 1086 rernm,
536 1036 605 1084 quas
616 1023 788 1083 Eporedorix
803 1026 831 1071 et
845 1024 1038 1072 Viridomarus
1052 1021 1187 1086 fecerant,

135 1091 213 1138 nulla
230 1089 386 1151 pertinebat
402 1091 451 1153 ita,
469 1096 499 1140 nt
519 1098 568 1142 aut
585 1094 728 1154 expellere
747 1106 781 1141 ex
800 1104 834 1141 ea
851 1096 900 1141 aut
918 1092 1065 1140 excindere
1082 1090 1188 1139 Roma-

135 1171 188 1208 nos
213 1159 336 1207 voluisse
360 1161 449 1208 videri
477 1166 599 1221 possent.
645 1166 686 1211 Ae
711 1162 744 1210 de
768 1163 930 1222 expulsione
951 1174 997 1210 res
1016 1161 1114 1220 aperta
1133 1160 1188 1222 est,

135 1237 166 1276 nt
182 1229 280 1276 mirum
299 1229 336 1275 sit
353 1229 499 1279 lectionem
516 1237 580 1280 aitte
596 1231 663 1280 Oud.
681 1233 823 1293 vulgatam
837 1245 892 1281 non
910 1233 987 1280 modo
1002 1242 1020 1278 a
1031 1228 1188 1292 Wagneri‘s

134 1298 280 1358 redditam,
297 1297 347 1345 sed
364 1299 448 1347 etiam
465 1301 621 1350 aDiibnero
640 1313 703 1350 esse
716 1303 864 1352 reductam.
898 1301 1093 1348 Exclusionem
1108 1308 1187 1363 vero,

136 1367 170 1415 de
188 1379 241 1429 qua
259 1367 337 1416 Dion.
357 1369 475 1416 Vossius
496 1383 519 1421 e.
539 1369 572 1420 65
590 1373 616 1432 s.
636 1368 654 1417 i
671 1371 798 1418 inductus
817 1373 854 1431 et,
873 1371 917 1418 cni
931 1369 1028 1418 vossii
1046 1368 1187 1428 interpre-

135 1437 204 1486 tatio
224 1436 363 1498 placuisse
377 1438 496 1500 videtur‚
517 1439 725 1498 oudendorpius
738 1443 766 1488 et
779 1441 946 1501 Herzogius,
965 1439 1098 1500 bloebius,
1117 1435 1187 1498 Lip-

135 1511 230 1568 pertus
249 1506 422 1568 cogitandum
435 1514 498 1555 esse
514 1511 652 1570 putarunt,
670 1509 844 1568 Eporedorix
857 1512 885 1556 et
901 1509 1093 1557 Viridomarus
1108 1505 1188 1555 nulla

133 1575 245 1624 ratione
261 1577 376 1625 et'licere
392 1580 538 1639 poterant,
556 1580 584 1625 et
601 1578 626 1625 si
645 1589 698 1639 quia
715 1579 851 1626 adiuvare
869 1579 1034 1638 potuissent,
1052 1575 1188 1637 impedire

133 1646 243 1709 potius,
276 1655 356 1706 quam
371 1646 505 1694 adiuvare
523 1648 698 1708 debuissent,
729 1650 760 1695 nt
778 1650 876 1708 quibus
894 1648 963 1696 niiiil
982 1648 1104 1707 optatius
1121 1644 1199 1695 esse*

133 1717 255 1777 poterat,
273 1721 353 1776 qnam
373 1717 401 1762 ut
418 1716 534 1764 Romani
553 1717 659 1778 reliqua
675 1717 770 1766 Gallia
786 1717 900 1765 dimissa
916 1721 946 1764 in
964 1716 1136 1776 provinciam
1153 1726 1187 1763 ee

123 1782 300 1845 ‘reciperent
335 1786 450 1833 Accedit
467 1785 538 1846 quod
554 1788 621 1834 baec
635 1787 726 1835 altera
740 1799 775 1834 ex
791 1785 933 1846 provincia
947 1785 1071 1834 exclusio
1085 1784 1187 1846 quippe

132 1853 177 1903 rei
200 1854 400 1902 frumentariae
425 1855 516 1913 inopia
541 1856 642 1903 effecta
669 1855 753 1904 alteri
781 1857 815 1903 ab
841 1856 935 1904 eadem
954 1867 984 1903 re
1002 1852 1187 1903 frumentaria

134 1923 290 1972 exclusioni
308 1935 363 1970 non
381 1925 433 1981 aul
452 1924 591 1983 particula
603 1924 777 1973 diversitatis
791 1924 880 1972 indice
894 1924 1003 1986 opponi,
1022 1926 1072 1972 sed
1086 1922 1186 1984 copule

133 1993 264 2055 coniungi
288 2003 349 2040 cnm
375 2002 409 2039 ea
433 1994 556 2042 debebat.
599 1993 704 2041 Deinde
729 1993 776 2053 qni
800 1993 895 2052 iiiopia
913 1993 1031 2042 addiscit
1048 1993 1186 2052 dicuntur,

132 2073 182 2111 eos
204 2073 258 2109 non
277 2060 350 2123 pati,
380 2060 429 2108 sed
448 2061 543 2110 facere
563 2063 667 2123 aliquid
687 2065 879 2123 exspectatur,
913 2063 1014 2110 adduci
1032 2074 1118 2124 vero,
1153 2063 1186 2108 nt

132 2129 327 2192 maledulce,
353 2129 448 2188 inopia
464 2143 543 2180 nemo
562 2135 662 2192 potest.
697 2132 821 2192 Denique
841 2132 968 2190 repetitio
988 2131 1067 2178 verbi
1084 2128 1186 2179 cateln-

132 2200 205 2250 tlere
232 2212 263 2248 eo
289 2198 422 2247 maiorem
449 2201 530 2248 babet
546 2201 741 2262 offensionem,
768 2202 840 2262 quod
860 2199 984 2248 nonnibil
1001 2202 1108 2246 mutata
1125 2209 1188 2247 enm

134 2270 241 2319 obiecto
262 2268 464 2330 significatione
484 2268 613 2318 iteratum
631 2274 675 2317 est
693 2274 801 2333 tamen,
832 2270 913 2330 quasi
930 2269 1005 2318 aliud
1025 2271 1140 2317 verbum
1157 2266 1189 2316 in

132 2339 231 2403 lingua
257 2340 362 2386 trullum
392 2338 512 2400 inveniri
538 2340 684 2397 potuisset.
727 2339 788 2388 Non
812 2339 902 2402 magis
933 2337 1046 2400 probari
1071 2337 1188 2398 posennt

135 2409 357 2464 emendationes,
385 2418 454 2468 qnae
474 2419 491 2457 a
510 2408 618 2457 criticis
635 2409 759 2457 tentatae
779 2411 860 2469 sunt3
880 2423 915 2458 ex
935 2408 1032 2469 quibus
1053 2419 1096 2471 ea,
1116 2416 1189 2466 qnae

134 2492 153 2528 a
168 2477 281 2527 Nicosio
297 2475 441 2525 Ellebodio
460 2477 609 2526 casletsno
629 2479 778 2540 proposita·
791 2486 819 2524 et
836 2481 870 2526 ab
891 2481 1073 2538 domnanae,
1093 2475 1188 2537 Lipsio

133 2546 222 2614 (teste
242 2547 349 2607 baim),
369 2546 502 2609 Davisio‚
522 2547 641 2611 luriuio,
661 2547 770 2608 lleldio,
789 2547 956 2608 Nipperdeio
971 2547 1085 2607 eiusque
1103 2557 1186 2594 asse-

136 2618 189 2668 clis
205 2619 358 2678 approbata
375 2619 428 2675 est,
449 2617 493 2676 qui
514 2629 607 2666 omnes
627 2629 676 2677 pro
698 2629 735 2667 em
753 2616 905 2677 preiriueiu
925 2617 1050 2665 scribunt
1066 2616 1097 2664 in
1112 2625 1186 2676 pro-

136 2686 272 2749 uinciam,
293 2687 439 2748 expetiere
456 2687 546 2733 autem
566 2687 691 2748 plerique
710 2688 812 2745 tenent,
831 2686 964 2735 Davisius
981 2686 1011 2734 in
1029 2685 1183 2747 repellere,

136 2757 260 2807 lorinins
284 2755 314 2803 in
339 2755 508 2815 conuellere
527 2758 649 2818 inutant,
682 2768 743 2804 etim
761 2755 881 2804 lectione
898 2752 1006 2804 Andina
1026 2758 1055 2803 et
1073 2754 1187 2803 ouden-

134 2826 270 2886 dorpiana
287 2836 430 2874 commune
447 2823 542 2871 vitium
562 2828 613 2875 boe
633 2827 723 2887 inaltet,
743 2827 814 2885 qnod
835 2839 869 2874 ne
884 2825 954 2872 illud
971 2825 1088 2886 quidem,
1108 2824 1138 2870 ut
1155 2822 1186 2873 in

134 2893 307 2958 provinciam
316 2907 346 2942 se
355 2893 821 2955 reciperentllomani,Eporedorix
834 2894 1072 2950 etViridomarus,
1087 2903 1186 2952 qnam-

134 2967 180 3014 vis
199 2965 287 3012 stulta
304 2976 353 3023 spe
372 2963 476 3024 inlati,
507 2963 559 3024 iis,
586 2975 655 3022 qnae
677 2964 778 3011 fecisse
797 2965 939 3026 dicuntur,
957 2964 1104 3012 effecturos
1121 2973 1186 3010 sese

134 3045 253 3096 sperare
270 3034 409 3093 poterant,
427 3042 515 3090 neque
532 3044 599 3080 vero
617 3043 649 3081 eo
668 3033 784 3080 bonisilio
801 3034 851 3082 illa
868 3034 1004 3082 fecerant.
1042 3030 1187 3080 Praesidia

134 3105 207 3153 enim
229 3103 423 3162 custodiasque
448 3100 484 3149 ad
503 3100 578 3161 ripas
596 3100 709 3163 Ligeris
727 3103 934 3166 disposuerant,
952 3101 1060 3149 seilicet
1078 3103 1108 3161 nt
1125 3100 1184 3148 llo-

134 3186 233 3225 manos
251 3173 371 3221 transitu
388 3171 576 3232 prohiberent,
595 3173 745 3232 equitatum
763 3175 854 3222 antem
867 3173 990 3229 omnibns
1003 3169 1073 3220 loeis
1088 3171 1185 3218 osten·
1254 3206 1257 3211 .

135 3245 198 3294 tare
222 3243 370 3303 coeperant
394 3240 542 3290 inliciendo·
566 3233 680 3290 timeris
699 3254 804 3304 eausa,
834 3254 887 3303 quo
907 3242 1005 3290 timore
1024 3239 1093 3288 nibil
1109 3238 1187 3305 alind

136 3314 192 3363 nisi
216 3312 347 3362 frumenti
374 3310 579 3360 subvectionem
603 3311 734 3370 impedire
759 3315 902 3376 poterant,
932 3310 1056 3373 legiones
1077 3308 1187 3369 quidem

135 3384 307 3434 retardatum
333 3380 368 3428 iri
392 3383 497 3430 tantum
521 3383 618 3430 aberat
642 3381 672 3428 ut
695 3383 855 3443 sperarent,
887 3381 917 3428 ut
940 3393 975 3428 ne
993 3378 1187 3429 Noviodunum

136 3454 243 3514 quidem
268 3449 397 3512 oppidum
421 3448 510 3498 teneri
531 3461 548 3498 a
567 3462 598 3498 se
616 3462 698 3510 posse
717 3450 880 3499 iudicarent.
914 3449 1000 3498 Paulo
1020 3447 1132 3510 propius
1149 3447 1186 3496 ad

136 3536 233 3571 verum
265 3520 387 3569 accessit
409 3519 539 3567 Nicasius
565 3521 656 3570 altera
679 3520 857 3584 eoiiiectnra,
891 3530 946 3580 qua
970 3531 1009 3568 em
1033 3517 1188 3579 preelecta

134 3593 221 3641 verba
239 3590 375 3638 eiicienda
395 3588 569 3650 suspicatur,
597 3603 648 3639 nee
668 3589 783 3652 reliquis
802 3587 943 3638 ulceribus
961 3588 1060 3634 desunt
1079 3584 1186 3647 e'mpla·

139 3664 209 3727 stra,
229 3660 364 3722 siquidem
381 3670 431 3721 pro
449 3660 512 3724 eet,
531 3661 603 3723 quod
620 3660 754 3710 Davisius
772 3660 801 3708 in
818 3661 847 3710 et
864 3658 1001 3720 niutabal,
1019 3669 1080 3706 enm
1100 3656 1186 3706 Durv.

97 3814 623 3872 remotisillisneeirnmentatoribnseo·
665 3816 721 3865 viis
740 3816 891 3866 subvehere
905 3812 1034 3863 Romanis
1048 3823 1187 3864 ,conaren-
1204 3806 1209 3836 “

97 3902 167 3952 rium,
182 3890 227 3951 qui
238 3889 349 3937 noudum
359 3888 406 3936 illo
416 3887 546 3948 adissent,
560 3886 625 3935 inii·
664 3888 717 3936 tur.
752 3889 840 3947 Atque
858 3886 952 3934 adeas
966 3885 1058 3942 partos
1072 3883 1187 3945 viasqne

97 3971 161 4009 cere
175 3961 256 4007 ulium
274 3962 379 4018 peierat
392 3970 455 4008 eos.
471 3956 557 4018 quiex
571 3954 627 4004 illis
662 3957 808 4006 referenda
823 3957 885 4005 eunt
899 3953 1025 4002 omnibus
1039 3952 1188 4003 locisver·
1236 3994 1238 3999 .

95 4028 622 4096 partibusterrerepioteratii·umentum‚
664 4026 715 4087 ba,
747 4037 858 4088 qnorum
883 4021 1047 4088 significatio
1070 4020 1189 4072 relativa

94 4097 622 4161 quodanteaNoviodnnumcomportare
663 4106 727 4144 esse
751 4093 904 4146 consuevit.
946 4089 989 4144 Gi.
1016 4105 1039 4143 e.
1065 4090 1099 4143 25
1118 4088 1144 4151 S.
1164 4094 1188 4140 i·
1238 4120 1244 4132 ι

94 4169 170 4222 soliti
187 4172 296 4233 esseut,
313 4167 424 4221 incenso
442 4165 540 4230 oppido
558 4163 621 4231 aliie
663 4158 714 4229 tt,
734 4165 758 4216 i.
