2700 4726
120 306 188 386 itit
377 316 450 388 DE
478 315 660 388 BELLO
689 312 936 385 sontico

121 505 175 570 tiis
203 504 323 570 morati
353 506 449 592 prius
480 528 559 572 snos
587 505 785 572 discessisse
815 508 1062 590 coguoverunt,
1099 518 1200 590 quein

120 593 360 659 munitionibus
389 593 707 684 adpropinquarent.
756 592 809 659 lta
834 614 872 657 re
897 593 1021 656 inistis
1045 592 1081 655 io
1105 591 1204 678 oppi-

119 680 200 746 dum
223 689 444 751 reverterunt.
511 686 568 752 83.
598 681 658 748 Bis
684 702 801 763 magno
826 692 899 744 curii
925 681 1126 744 detrimento
1149 699 1203 742 rc-

119 770 211 853 puisi
237 768 329 835 Gelli
352 770 432 854 quid
456 779 576 856 agant,
598 770 794 846 consulunt3
823 771 971 832 instrunt
994 767 1124 853 peritos
1144 764 1202 830 td-

119 855 253 922 bibent:
282 878 322 922 cx
342 858 394 924 iris
420 858 631 948 superiorum
654 866 840 922 castrorum
864 857 952 920 situs
981 855 1203 920 munitiones-

149 1044 292 1097 codicibus
311 1048 392 1097 voss.
410 1046 438 1096 11.
457 1046 504 1097 Dr.
524 1046 555 1098 u.
574 1048 654 1101 viuri.
668 1049 700 1098 F.
720 1048 809 1097 liaeo.
827 1055 855 1097 et
873 1046 900 1097 in
916 1044 1202 1110 archetypouotusui

154 1117 187 1166 A.
205 1120 234 1166 et
248 1117 275 1166 in
293 1119 336 1167 ed.
355 1116 425 1166 Veu.
442 1117 462 1166 i.
481 1119 510 1165 et
525 1130 582 1181 sqq.
599 1121 727 1168 correcta
745 1125 795 1165 est.

187 1181 246 1244 94
262 1185 317 1246 bis]
333 1186 416 1244 Boos.
428 1189 463 1242 A.
480 1186 523 1235 ΡΙ.
540 1188 604 1246 Pur·
621 1190 654 1237 A.
670 1189 743 1237 flav.
759 1189 792 1233 A.
808 1185 881 1236 Gott.
899 1185 966 1239 Wit-
981 1184 1070 1233 licen.
1086 1184 1135 1234 Dr.
1145 1185 1200 1234 Au.

153 1255 234 1304 eoru.
256 1255 290 1304 A.
316 1257 411 1308 iiamb.
435 1254 487 1305 Gn.
512 1254 592 1310 vinu.
612 1254 705 1306 Anci.
729 1256 789 1304 sun.
816 1263 880 1306 ante
904 1246 935 1302 P.
952 1255 1024 1304 bien.
1042 1255 1122 1303 i'urr.
1148 1253 1203 1304 biis

152 1323 233 1374 Vrat.
251 1323 329 1374 Aac.
352 1325 389 1375 iis
407 1326 536 1381 uotiuis.
554 1326 585 1374 P.
605 1328 678 1375 Mart.
696 1326 757 1374 Aid.
777 1324 801 1372 b.
820 1337 880 1385 sqq.

187 1392 448 1461 adpropinquarent]
475 1396 556 1446 Voss.
574 1392 613 1447 A„
633 1396 711 1458 iigm.
735 1395 834 1457 (Boug.
855 1390 905 1452 Α.)
929 1394 993 1442 Par.
1013 1396 1046 1444 A.
1074 1390 1153 1442 Vrat.
1171 1386 1203 1442 Α.

150 1473 204 1514 non
221 1474 306 1525 opor.

187 1546 253 1609 usp.
271 1548 314 1599 83.
335 1546 362 1607 9
382 1551 396 1598 1
416 1560 450 1596 ex
468 1547 524 1605 itis]
545 1546 580 1596 ob
596 1545 640 1596 itis
657 1547 727 1594 And.
744 1547 799 1598 ox:
811 1546 863 1596 Cu.
883 1547 911 1595 S·
930 1545 1007 1595 Laid.
1025 1547 1061 1597 A.
1083 1548 1154 1597 liar.
1169 1549 1202 1598 A.

150 1616 233 1665 vind.
254 1621 286 1666 A.
305 1619 368 1667 Aio.
387 1630 445 1678 sqq.
476 1617 654 1681 Gonnoscere
672 1616 784 1666 verbum
804 1616 908 1666 Caesar
927 1617 954 1664 in
971 1615 1097 1677 personis
1115 1617 1202 1678 sigui-

149 1685 267 1737 ficandis
287 1687 441 1754 prorniscue
461 1690 675 1749 numeratque
699 1699 717 1735 a
742 1684 989 1749 praepositionibus
1013 1685 1202 1734 construxisse

150 1754 270 1804 videtur.
307 1752 352 1805 Ci.
378 1758 409 1818 2,
431 1757 464 1805 17
490 1752 515 1812 S.
534 1759 568 1804 2:
593 1757 626 1803 ot
648 1756 754 1821 posteo,
770 1768 808 1807 eor
834 1755 958 1815 captiuis
982 1755 1132 1819 copnitum
1149 1755 1201 1805 est.
1233 1782 1236 1793 .

149 1822 346 1890 item5,9s.
367 1825 391 1874 1.
423 1822 459 1875 48
483 1822 553 1883 92.
584 1823 619 1875 52
638 1823 664 1883 S.
685 1822 712 1874 4.
746 1822 877 1891 estas.
896 1821 923 1873 4.
958 1825 991 1886 7,
1012 1823 1046 1874 18
1065 1820 1135 1882 91.
1165 1823 1199 1874 72

150 1892 220 1952 91.
255 1889 289 1959 4,
305 1896 342 1943 23
367 1891 394 1952 9
413 1893 447 1943 5.·
470 1905 544 1958 quoe
561 1905 598 1943 ec
622 1895 761 1943 Voluseno
779 1894 946 1959 counosset,
972 1892 1006 1958 5,
1026 1895 1043 1941 6
1068 1893 1095 1961 §.
1115 1895 1148 1942 2:
1172 1890 1202 1941 to

150 1960 264 2026 foetum
282 1976 320 2014 es
336 1964 398 2013 sois
415 1958 572 2027 bospitibus
588 1954 698 2013 Cursor
716 1965 901 2026 copnoverar.
926 1968 955 2010 et
970 1963 1004 2021 2,
1023 1958 1040 2010 5
1058 1963 1085 2032 §.
1101 1961 1133 2011 4:
1153 1973 1200 2011 ne-

148 2044 206 2097 que
222 2032 279 2082 tom
295 2034 378 2098 ionqe
395 2030 491 2084 abesse
509 2030 616 2090 tonores
636 2030 779 2092 uetgsruru
798 2032 907 2093 copias)
925 2029 959 2081 ob
976 2030 1036 2091 iiis,
1058 2039 1130 2096 quos
1147 2030 1203 2080 ηιί·

148 2102 248 2165 serat,
273 2100 508 2165 exploratoribus
528 2103 557 2151 et
576 2100 611 2151 ob
629 2100 727 2153 uesieu
747 2101 890 2165 copnooit.
922 2098 955 2162 4,
976 2100 1007 2148 19
1028 2095 1054 2156 9
1074 2101 1107 2149 1:
1133 2096 1202 2150 bueo

147 2169 289 2221 obtisoo
312 2172 401 2233 novit.
437 2171 500 2220 item
522 2171 604 2234 5‚2r
625 2169 651 2230 9
669 2172 694 2219 ².
719 2166 753 2220 45
773 2169 799 2230 9.
816 2168 843 2218 4.
878 2160 957 2231 7,.18
975 2168 1002 2230 S.
1021 2171 1047 2220 3.
1077 2167 1201 2228 5896.

146 2238 263 2305 Giv.3,
299 2238 405 2300 895.
440 2238 474 2298 5.
493 2239 527 2290 18
546 2237 622 2297 941
643 2238 688 2288 bis
704 2235 1111 2304 rebnscopnitisucnutiois
1128 2250 1200 2303 per-

145 2308 290 2375 scopisque.
327 2313 362 2360 57
386 2308 413 2369 9.
433 2312 465 2358 2:
495 2322 514 2359 a
531 2308 715 2374 Cinuetoripe
739 2311 827 2372 atque
851 2308 912 2358 eius
934 2306 1107 2371 propinquis
1131 2316 1202 2357 oro·

146 2376 226 2428 tione
248 2378 445 2430 induciomari
469 2377 594 2444 counito.
635 2376 732 2440 ireque
757 2380 781 2430 b.
798 2380 816 2428 1.
840 2362 875 2428 ab
898 2376 957 2442 ists,
985 2376 1056 2440 quod
1074 2376 1102 2425 in
1122 2381 1201 2441 pario

111 2547 207 2599 before
238 2546 328 2597 which
357 2547 388 2598 et
416 2549 488 2595 must
513 2545 546 2593 be
570 2558 633 2606 sup·
679 2555 748 2595 vero
771 2541 957 2611 nominativos
976 2553 1033 2606 est,
1057 2543 1202 2596 interiores

111 2615 193 2679 piieti.
226 2615 284 2679 nt,
303 2625 355 2676 quo
368 2614 499 2664 ciarkius
516 2617 543 2662 et
558 2613 635 2662 11115-
679 2613 746 2663 sive.
758 2612 865 2663 obsessi
885 2614 913 2662 iu
931 2614 1001 2662 duos
1021 2619 1115 2674 partes
1130 2616 1203 2666 divi-

112 2686 173 2735 sins
196 2696 248 2733 nou
277 2683 337 2732 sinc
362 2685 468 2734 ratione
491 2683 635 2732 ussinera-
679 2674 796 2748 duntur,
818 2683 868 2732 eiii
886 2693 1051 2744 praeparata
1071 2686 1203 2749 proferre,

111 2755 193 2816 bont,
228 2752 394 2803 Scbnritnius
425 2753 551 2813 supplere
582 2764 634 2801 non
679 2752 729 2802 aiii
753 2751 826 2814 iique
847 2754 965 2815 priores
989 2760 1017 2800 et
1040 2752 1105 2802 ilios
1124 2764 1202 2804 aute-

111 2824 242 2873 debebat:
285 2823 402 2886 priores
446 2820 634 2871 accusativum
677 2821 771 2884 gressi
802 2822 895 2871 fossas
928 2823 1037 2882 expiere
1069 2824 1202 2875 dicuntur.

112 2904 174 2942 osse
185 2894 262 2942 recte
278 2893 399 2955 negavit.
427 2891 504 2951 Quod
516 2891 561 2951 oui
575 2893 634 2940 stu-

111 2968 205 3026 tnunt,
240 2960 261 3009 ii
291 2962 402 3022 primurn
434 2973 479 3009 res
508 2961 636 3010 diversas

111 3031 191 3094 quasi
208 3029 327 3081 eiusdem
341 3030 451 3093 generis
466 3028 537 3089 sint,
555 3029 636 3078 simul

110 3101 146 3152 ab
168 3100 271 3150 eisdem
297 3099 501 3150 administratas
521 3098 635 3162 iaciunt,

110 3169 207 3220 ssione
224 3173 275 3235 sut
288 3168 475 3230 comparativo
494 3179 555 3216 cunr
572 3167 634 3216 Sin·

111 3251 176 3289 cero
210 3247 238 3287 et
268 3238 372 3287 Hausio
408 3235 634 3301 significationem

93 3307 234 3369 ‚tribuere
258 3305 438 3369 superlativi,
471 3313 518 3356 aot
542 3304 633 3371 trium,

111 3389 182 3441 quus
210 3375 313 3426 caesar
338 3377 469 3436 tinxerat,
496 3375 634 3425 fossarum

109 3456 191 3497 unam
214 3445 311 3495 toliere
337 3452 365 3494 et
387 3458 447 3494 cum
468 3444 634 3499 Hotomaunn

110 3515 139 3565 in
164 3529 188 3566 c.
207 3515 241 3566 72
269 3513 295 3574 9
317 3516 334 3564 3
358 3517 471 3564 beerere
500 3512 634 3574 simuique

109 3584 228 3648 priores
250 3584 346 3650 fossat
364 3583 540 3645 interpretari
558 3583 633 3643 prio-

109 3652 151 3704 ris
168 3655 262 3704 fossas
275 3660 384 3716 partes,
402 3652 450 3703 ant
464 3655 555 3702 tostos
570 3660 634 3700 eos·

110 3723 187 3783 dent,
223 3722 268 3784 qui
296 3722 379 3784 panio
402 3729 464 3783 post
489 3719 641 3783 appropin-⁴

109 3790 634 3854 quasscmunitionibusnegantur,vai-

110 3860 144 3908 de
163 3858 204 3907 eis
222 3861 385 3922 propinquos
405 3860 495 3911 iactos
521 3867 548 3907 ct
565 3869 633 3920 spa-

109 3922 177 3977 tium
200 3925 270 3978 iilud
299 3930 395 3989 pedum
420 3928 635 3992 quadringento-

109 3998 185 4058 rum,
211 3999 280 4059 quod
303 3998 375 4047 inter
398 3997 501 4048 fossam
520 3998 634 4060 primam

109 4069 139 4116 et
162 4067 308 4116 secundam
333 4066 504 4117 interiectum
529 4074 556 4116 et
574 4067 635 4116 'sti-

109 4134 208 4202 mulis,
221 4134 298 4198 liliis,
316 4135 403 4197 cippis
418 4137 548 4186 consitum
565 4134 636 4203 ciat,

110 4212 299 4270 transgressos
315 4205 422 4256 torneie
437 4204 578 4270 coguntur.
605 4206 635 4256 bi

680 2887 723 2941 (Ji.
742 2892 774 2954 2,
794 2888 826 2951 il
844 2889 870 2950 9
886 2890 917 2939 t:
935 2902 1000 2940 corn
1017 2891 1051 2940 ab
1068 2896 1202 2945 contremo

678 2960 791 3025 namins
816 2960 855 3008 od
883 2973 954 3023 quos
978 2965 1098 3011 ventum
1123 2964 1201 3029 erat,

678 3029 873 3079 consisterent
889 3055 939 3092 -,
968 3029 1099 3093 priores,
1127 3032 1204 3097 qood

678 3100 773 3149 obesse
788 3111 807 3147 o
822 3098 954 3162 periculo
969 3099 1146 3151 viderentur
1158 3125 1200 3164 -,

677 3198 712 3208 -
737 3180 834 3218 onenes
857 3167 887 3218 in
911 3171 986 3237 sepo
1009 3169 1063 3220 sibi
1084 3170 1202 3235 praest·

678 3239 757 3288 diurn
780 3241 932 3300 ponerent.
975 3239 1079 3290 Fossus
1111 3242 1200 3290 auten

677 3308 730 3356 iarn
750 3319 801 3356 noo
814 3319 875 3355 curu
890 3306 990 3356 ceteris
1006 3309 1201 3370 interpretibus

678 3375 756 3427 tinius
775 3376 890 3438 eiusque
909 3377 1012 3438 primae
1036 3388 1088 3426 seu
1106 3378 1203 3437 {urrinis

676 3456 737 3494 rose
768 3448 861 3506 partes
893 3445 998 3496 inuitur
1029 3455 1057 3496 et
1086 3447 1201 3498 obscure

677 3515 765 3564 dictas
782 3514 910 3576 scriptori
928 3515 1136 3582 imputabimus,
1154 3517 1201 3566 seri

676 3590 787 3646 omnes,
808 3588 938 3649 qirotquot
955 3582 1048 3647 eruut,
1074 3585 1219 3653 5111151111Ι

677 3653 814 3716 negotium
835 3655 896 3721 itis,
922 3654 968 3718 qni
984 3659 1201 3720 antecesserant,

676 3723 829 3774 mandatum
849 3724 884 3773 ab
903 3723 993 3787 iisque
1016 3724 1200 3775 administrari

676 3799 801 3852 coeptum
817 3794 1010 3856 inteiiigemos.
1036 3792 1122 3844 coins
1135 3807 1200 3856 ope-

675 3873 725 3910 rae
742 3861 846 3912 initium
865 3876 924 3913 cum
943 3863 1103 3913 necessario
1128 3869 1158 3914 nt
1175 3876 1198 3913 o.

676 3930 713 3985 79
737 3927 800 3990 94
821 3932 851 3982 in
876 3932 964 3992 prima
988 3934 1063 3982 esset
1088 3934 1199 3994 iactum,

676 3999 797 4061 ipsorum
827 4002 955 4052 tarditate
983 4010 1010 4051 et
1037 4003 1199 4053 auxiliorum

677 4068 801 4118 discessu
832 4074 867 4121 to
898 4070 980 4122 iibem
1006 4072 1117 4133 pertusi
1147 4085 1199 4124 non

676 4139 770 4203 potuit.
1076 4174 1079 4179 ·
