2700 4726
397 275 844 354 ornare-caasa
1031 374 1033 379 ¹
1100 284 1167 352 los
1253 258 1256 263 ’

78 471 215 558 pontem
253 465 363 533 reficit
390 487 496 556 eoque
523 469 705 537 exercitum
736 470 898 542 traducit.
965 470 1020 543 54.
1062 469 1117 540 lbi
1146 495 1166 539 a

150 657 274 724 pontem]
304 659 376 709 And.
399 657 450 709 οι.
476 657 526 710 (lu.
543 662 570 713 s.
591 660 667 715 Leld.
686 663 719 711 A.
740 664 792 715 duo
809 661 905 714 Vrsini
921 660 1118 729 (‚,Vaticanns
1136 669 1167 714 et

112 727 220 781 meus“
243 731 311 779 Vrs.
328 725 456 790 limena)
477 730 549 784 llav.
570 733 604 782 A.
628 731 712 782 Vind.
728 735 763 783 A.
782 735 843 784 Alo.
860 735 905 785 ab.
924 734 974 783 Gr.
994 743 1021 783 a.
1039 733 1068 781 Ρ.
1088 735 1164 784 Man.

112 801 194 858 Ριιιι.
210 798 288 862 Lips.
312 812 370 862 sqq.
388 800 491 861 pontes
509 799 640 865 „reliqui
652 814 712 851 cum
732 803 798 852 lldd.
820 799 921 852 Vett.“
939 801 1009 853 Lbb.
1026 801 1108 866 Bong.
1129 804 1165 856 A.

112 869 154 926 ΡΙ.
174 870 239 920 Par.
254 870 288 921 A.
307 868 366 918 Pet.
387 868 470 932 Bong.
489 867 520 918 G.
540 870 600 921 Pal.
619 868 693 919 (loti.
712 872 780 922 Wb.
799 872 847 922 Dr.
865 873 887 920 li
905 877 934 922 et
953 882 971 920 a
989 884 1023 920 m.
1044 883 1068 919 s.
1089 875 1109 919 A
1130 868 1165 936 (a

112 952 148 987 m.
166 952 206 1001 pr.
230 939 356 1001 pateas).
372 937 453 988 Vrat.
471 937 549 990 ABG.
576 939 655 989 Goth.
674 941 702 987 li.
722 941 818 991 llamb.
845 941 896 991 tiu.
924 938 1004 996 Vlnd.
1024 937 1078 990 (lb.
1102 940 1164 988 edd.

114 1015 179 1057 ante
203 1003 266 1056 Ald.
284 1007 330 1059 'Sa
357 1005 405 1056 tir.
426 1006 450 1055 b.
475 1006 562 1058 orell.
591 1005 640 1072 (ln
661 1010 742 1060 debr.
761 1009 854 1060 verbis
872 1009 911 1060 ad
929 1006 1036 1074 flamen
1051 1009 1165 1059 Elaver

113 1076 143 1126 in
159 1077 283 1140 margine
302 1075 441 1137 adscripta
460 1078 525 1126 suut
542 1077 626 1127 baec:
643 1079 744 1130 Laber-
764 1079 880 1131 Pontes.
897 1080 955 1129 Pet.
974 1075 1166 1136 Elaueraorl-

113 1148 158 1197 tes
182 1146 217 1195 G.
241 1147 277 1196 V.
302 1147 334 1195 li.
359 1143 392 1209 (i.
415 1158 440 1194 e.
465 1146 539 1195 Gott.
568 1147 651 1199 voss.
669 1145 702 1197 Α.
728 1149 821 1212 Egra.)
837 1144 930 1199 Laber
945 1150 1061 1211 pontem
1078 1147 1125 1197 Bo.
1143 1147 1164 1195 l.

117 1217 215 1278 (Bong.
236 1210 285 1278 A.)
304 1217 333 1264 et
349 1212 443 1265 Labor
466 1215 549 1265 etiam
569 1215 637 1266 (tud.
654 1230 688 1265 ex
706 1218 789 1281 Borlg.
808 1221 842 1267 A.
861 1220 889 1267 et
906 1217 982 1282 Pet,
1000 1217 1048 1266 sed
1067 1215 1110 1265 Ρ1.
1127 1225 1165 1283 ex

116 1286 164 1334 illo
182 1284 281 1334 Laaer
299 1283 403 1346 refert,
435 1285 505 1347 quod
525 1285 594 1334 idern
616 1287 645 1335 in
664 1285 747 1336 Vind.
767 1290 800 1336 A.
820 1286 937 1343 inveni.)
969 1286 1012 1336 Ad
1033 1284 1166 1345 pluralem

116 1355 184 1405 ond.
200 1355 261 1415 ipse
278 1352 442 1415 singularem
461 1361 557 1402 tenens
575 1354 670 1405 videre
686 1360 736 1407 nos
752 1355 828 1408 iubet
848 1369 872 1407 o.
892 1358 925 1407 35
944 1357 972 1403 et
989 1353 1033 1417 56,
1052 1365 1165 1415 quornm

115 1425 233 1475 alterum
259 1434 340 1472 unum
365 1425 472 1483 pontem
496 1433 514 1470 a
533 1422 758 1487 Vercingetorige
783 1426 931 1476 rescissum
948 1422 990 1490 (S.
1009 1421 1041 1484 2)
1058 1435 1076 1473 a
1091 1415 1166 1471 Cae-

118 1505 181 1542 sare
200 1492 335 1542 reiectum
355 1502 439 1552 eoqne
457 1492 598 1541 traductas
615 1493 738 1554 legiones
755 1495 797 1563 (§.
817 1490 880 1544 det
893 1489 926 1561 5)
945 1490 1073 1555 ostendit,
1093 1490 1167 1541 alte·

115 1564 187 1623 rum,
207 1559 233 1618 S.
255 1562 267 1607 1
288 1561 323 1608 de
338 1560 462 1620 pontibus
478 1561 507 1609 in
519 1560 618 1624 Inigene
636 1562 822 1626 perficiendis,
839 1562 866 1613 ln
885 1563 982 1626 quibus
999 1562 1072 1613 forte
1089 1557 1168 1624 perl-

109 1631 265 1681 ·clitandum
292 1635 383 1693 esset,
415 1629 553 1692 cogitasse
581 1631 728 1681 caesarem
752 1632 928 1682 demonstrat.
968 1629 1071 1690 Quibus
1096 1626 1167 1679 locis

116 1695 288 1750 conterendis
307 1697 375 1750 (lod.
393 1696 419 1747 si
433 1700 486 1748 hoc
501 1701 598 1752 docere
616 1700 716 1763 voluit,
734 1712 787 1749 non
805 1700 892 1751 minus
909 1699 964 1765 bic,
980 1712 1060 1762 quam
1077 1710 1103 1750 c.
1120 1695 1168 1762 35,

116 1782 197 1819 unum
217 1770 325 1831 pontem
345 1778 362 1816 a
381 1767 516 1829 scriptore
533 1767 714 1831 significatum
732 1769 839 1835 rideri,
871 1770 987 1833 plurium
1004 1767 1168 1819 mentionem

89 1898 93 1905 Ι
117 1839 186 1901 illic,
199 1835 246 1885 nbi
259 1848 387 1886 numerus
400 1837 625 1887 instituendorum
636 1839 758 1887 incertos
771 1841 856 1903 esset,
869 1850 960 1900 aptam
973 1837 1072 1903 inisse,
1083 1838 1167 1899 plane

116 1906 260 1958 assentior.
297 1907 392 1969 Neque
409 1906 480 1955 enlm
497 1914 545 1955 aut
562 1907 668 1957 frustra
685 1907 752 1958 satis
770 1907 863 1971 egisse
883 1909 1046 1973 Caesarem,
1069 1914 1117 1958 aut
1140 1903 1168 1955 el

117 1978 211 2040 plures
228 1974 255 2024 ei
274 1982 369 2036 pontes
386 1975 527 2024 reducenti
545 1973 678 2041 legiones,
697 1987 776 2038 quam
791 1977 937 2027 adducenti
953 1987 1023 2039 opus
1042 1976 1165 2038 fuerunt,

117 2047 220 2095 nnllam
248 2043 307 2092 eins
331 2043 373 2093 rel
396 2054 509 2093 causam
534 2054 760 2095 commemorasse
785 2045 914 2095 credibile
933 2053 986 2094 est.
1022 2045 1082 2104 Qua
1098 2042 1168 2095 ver'o

117 2121 207 2165 meme
228 2112 416 2174 Nipperdeius,
434 2111 480 2172 qni
497 2112 631 2173 pluralem
648 2113 764 2176 recepit,
782 2127 805 2163 c.
824 2112 875 2174 st,
893 2117 910 2163 3
927 2116 956 2163 et
974 2110 1018 2177 65,
1037 2115 1054 2161 2
1072 2121 1100 2162 et
1120 2111 1167 2179 56,

119 2188 132 2233 1
152 2180 271 2232 conferri
288 2178 412 2243 iusserit,
429 2191 485 2229 non
504 2193 647 2243 assequor,
667 2181 721 2230 nlsi
738 2183 811 2231 forte
827 2192 923 2230 omnes
941 2184 1038 2245 pontes
1056 2192 1074 2231 a
1092 2182 1168 2232 Ver-

119 2249 287 2313 cingetorige
313 2248 480 2309 interruptos
504 2260 523 2299 a
546 2249 670 2300 Caesare
691 2246 746 2300 uno
762 2251 807 2299 dle
823 2251 944 2303 reiectos
961 2252 989 2300 et
1006 2253 1077 2300 banc
1094 2248 1169 2300 (lae-

119 2322 191 2371 seris
211 2318 431 2368 consuetudinem
447 2318 535 2368 inisse
553 2318 668 2382 putavit,
684 2321 716 2368 ut
734 2320 828 2383 plures
845 2327 941 2382 pontes
958 2319 1074 2369 faceret.

150 2401 253 2468 reiicit]
269 2400 364 2468 efficit
382 2403 464 2453 Voss.
481 2404 511 2452 B.
530 2403 603 2470 fecit
620 2402 696 2452 [aeid.
713 2405 746 2452 A.
764 2403 846 2455 Vind.
859 2404 893 2452 A.
912 2402 1008 2469 effecit
1024 2403 1076 2455 0¹.
1094 2407 1168 2456 liar.

119 2477 151 2526 A.
176 2473 287 2540 refecit
309 2473 379 2521 And.
408 2467 459 2521 Cu.
478 2474 532 2522 duo
547 2472 645 2523 Vrsini
664 2480 693 2522 et
710 2473 770 2521 edd.
791 2466 900 2535 pr'aeter
916 2474 970 2524 inc.
992 2475 1064 2525 Ven.
1083 2474 1105 2524 1.
1125 2475 1169 2526 st.

118 2543 167 2595 tir.
186 2543 212 2590 b.
232 2541 318 2591 lirell.
336 2537 492 2608 (refefeeit
510 2543 581 2593 Ven.
597 2543 657 2592 cde.
675 2539 789 2606 resficit
804 2540 919 2608 llamb.)

153 2623 238 2674 eoque
257 2611 419 2670 exercitum]
448 2612 558 2676 „liong.
576 2616 610 2666 A.
629 2612 711 2664 voss.
731 2612 766 2662 A.
785 2613 813 2661 et
830 2608 849 2664 4
866 2611 916 2662 alii
932 2622 994 2661 cnm
1012 2614 1063 2664 lld.
1083 2610 1168 2665 lnc.“

117 2681 199 2743 llong.
217 2684 251 2730 A.
270 2681 354 2732 Voss.
370 2681 404 2730 A.
425 2680 500 2732 tlott.
516 2681 600 2732 Febr.
617 2681 675 2730 Pet.
691 2681 772 2742 Bong.
790 2679 821 2730 6.
840 2679 923 2731 donn.
941 2681 1005 2733 l’ar.
1017 2685 1051 2731 A.
1065 2683 1113 2733 Dr.
1131 2682 1167 2733 A.

117 2753 197 2801 Vrat.
218 2749 273 2799 Ali.
299 2749 380 2799 vind.
402 2751 424 2799 l.
447 2752 518 2804 ven.
538 2751 560 2799 i.
583 2748 803 2814 exercitamque
819 2750 873 2799 duo
891 2750 1007 2816 Vrsini,
1034 2752 1112 2804 Leld.
1131 2754 1168 2804 A.

116 2820 198 2870 Vind.
222 2821 255 2868 A.
284 2820 374 2882 atque
404 2819 569 2871 ecmoitam
591 2817 691 2882 reliqui
718 2816 828 2868 codices
854 2820 883 2868 et
907 2821 965 2869 edd.
993 2824 1101 2871 tacente
1125 2822 1169 2872 ΡΙ.

112 2892 227 2948 (scere.
247 2883 329 2937 Vrat.
347 2888 398 2944 A.)

151 2955 285 3014 traducit]
303 2955 442 3007 traducit
460 2955 534 3006 llav.
552 2956 584 3004 A.
605 2955 688 3006 Vind.
708 2957 742 3006 A.
762 2956 833 3005 And.
852 2953 903 3005 01.
922 2950 972 3006 (lu.
992 2956 1020 3007 S.
1040 2954 1114 3007 incid.
1132 2958 1167 3014 A.

115 3029 168 3078 duo
186 3025 291 3077 Vrsini.
309 3025 339 3074 Ρ.
357 3027 432 3074 blan.
449 3025 513 3074 Ald.
533 3024 557 3073 b.
575 3023 652 3085 lips.
670 3037 729 3086 sqq.
747 3017 858 3075 tac‘ente
875 3025 909 3074 de
927 3024 992 3074 l’ar.
1009 3021 1043 3075 A.
1062 3027 1168 3088 lieyer-

114 3097 162 3146 lio.
179 3092 369 3154 (transducit
386 3091 447 3143 Ald.
463 3094 490 3147 b.
509 3092 586 3153 nipe.
604 3096 680 3156 sqq.)
695 3092 727 3141 P.
742 3094 866 3143 Manuoio
884 3092 913 3143 in
929 3094 1077 3145 lectiones
1090 3096 1169 3158 patre

116 3166 232 3227 vulgata
248 3161 536 3228 refecit—traducit
554 3165 701 3224 temporum
717 3161 907 3214 diversitatem
921 3175 974 3214 non
989 3162 1089 3213 terenti
1104 3176 1170 3226 per-

116 3236 218 3284 fectum
237 3232 343 3296 magis,
374 3245 455 3295 quam
474 3243 607 3294 praesens
624 3228 764 3293 placuisse
782 3231 891 3282 videtur
908 3238 1068 3293 propterea,
1098 3232 1170 3295 quod

116 3305 221 3354 eastra
240 3303 331 3352 movit
347 3301 540 3364 praecessisse
559 3300 684 3362 videret3
702 3311 790 3362 neque
807 3299 836 3352 id
848 3301 991 3352 immerito.
1025 3302 1093 3352 Nam
1108 3311 1170 3350 ma-

115 3373 159 3436 gis
178 3375 246 3423 baec
264 3371 310 3422 Ne
327 3374 390 3423 tam
408 3369 522 3435 paueat
539 3376 591 3423 etc.
604 3372 639 3422 ad
652 3369 857 3436 praecedentia,
874 3381 955 3434 quam
968 3370 1003 3420 od
1016 3370 1169 3437 sequentia,

79 3553 151 3607 quae
176 3540 202 3591 si
220 3537 363 3602 scriptoris
380 3538 517 3590 sententia
533 3538 604 3590 iuis·
644 3540 679 3590 61
697 3537 724 3600 s.
745 3537 780 3590 A:
797 3539 837 3590 ad
854 3551 919 3591 eam
935 3539 1028 3591 locam
1043 3537 1171 3604 damiate

79 3615 134 3679 set,
144 3609 235 3674 aliquo
248 3611 327 3660 modo
340 3621 441 3659 cavere
454 3608 605 3676 debuisset,
644 3608 765 3660 adauae
784 3609 890 3659 iunctis
907 3610 1024 3671 pontem
1042 3610 1170 3673 irnperat

79 3693 114 3733 ne
133 3680 242 3733 tertias
256 3681 300 3728 lric
316 3679 465 3741 aperiero
477 3679 525 3729 illo
539 3691 605 3741 pro·
645 3676 720 3743 fieri.
742 3677 818 3740 llisp.
838 3680 887 3740 66,
904 3679 936 3726 2;
969 3691 1074 3742 naves,
1095 3691 1170 3744 petae

79 3750 171 3801 ximus
189 3750 407 3811 intelligeretur,
435 3746 507 3796 sicut
526 3760 550 3798 o.
571 3750 603 3796 11
647 3748 686 3799 ad
706 3747 820 3799 Baetim
841 3748 949 3812 ttamen
966 3747 1102 3811 fencem.
1137 3743 1169 3799 ln

78 3818 135 3879 M
155 3818 238 3868 biduo
256 3816 415 3879 interposito
430 3817 604 3877 cautumest,
646 3818 689 3866 bis
713 3816 875 3867 dictionibus
898 3817 933 3865 de
956 3819 1029 3866 motu
1052 3817 1169 3880 quietem

78 3899 114 3953 ne
138 3890 208 3950 quod
229 3885 291 3946 §.2
315 3886 407 3938 tertio
432 3885 478 3935 die
501 3886 604 3935 iactum
645 3897 811 3950 praegresso
841 3883 979 3948 cogitasse
1000 3885 1092 3936 Latini
1116 3897 1169 3936 non

79 3955 195 4016 dicitnr,
226 3956 347 4017 proximo
367 3955 401 4004 ab
419 3956 531 4019 altero,
558 3951 605 4014 out
646 3955 781 4009 videntur.
797 3955 840 4005 Gi.
852 3956 914 4011 adn.
925 3967 966 4006 cr.
975 3956 1009 4006 ad
1022 3956 1048 4020 6,
1061 3954 1097 4005 38
1108 3954 1167 4015 §.a

77 4027 106 4087 s.
126 4027 141 4074 1
166 4026 256 4075 dictus
281 4033 343 4090 est,
363 4024 477 4075 rfactum
502 4022 605 4073 intelll—
697 4026 806 4086 pontem
830 4023 932 4083 reiicit]
965 4037 1045 4075 unum
1071 4038 1105 4074 ex
1122 4024 1170 4088 iis,

74 4101 166 4158 gater.
646 4103 714 4156 qnos
740 4091 951 4156 Vercingetorix
976 4092 1169 4156 interruperat,

131 4162 168 4213 ad
186 4161 285 4212 numen
303 4157 419 4226 lllaver]
436 4157 480 4211 ci.
498 4156 559 4212 clv.
578 4159 605 4224 1,
646 4161 693 4226 qui
725 4160 910 4226 interruperat
938 4174 1044 4216 omnes.
1090 4162 1170 4213 llaoc
