<?xml version="1.0" encoding="UTF-8"?>
<!DOCTYPE html PUBLIC "-//W3C//DTD XHTML 1.0 Transitional//EN"
    "http://www.w3.org/TR/xhtml1/DTD/xhtml1-transitional.dtd">
<html xmlns="http://www.w3.org/1999/xhtml" xml:lang="en" lang="en">
 <head>
  <title>
</title>
<meta http-equiv="Content-Type" content="text/html;charset=utf-8" />
  <meta name='ocr-system' content='tesseract 3.04.00' />
  <meta name='ocr-capabilities' content='ocr_page ocr_carea ocr_par ocr_line ocrx_word'/>
</head>
<body>
  <div class='ocr_page' id='page_1' title='image "./commentariidebe00schngoog_0222.png"; bbox 0 0 2700 4726; ppageno 0'>
   <div class='ocr_carea' id='block_1_1' title="bbox 240 276 1160 397">
    <p class='ocr_par' dir='ltr' id='par_1_1' title="bbox 240 276 1160 397">
     <span class='ocr_line' id='line_1_1' title="bbox 240 276 1160 397; baseline 0.013 -12"><span class='ocrx_word' id='word_1_1' title='bbox 240 276 249 299; x_wconf 87' lang='lat'>&#39;</span> <span class='ocrx_word' id='word_1_2' title='bbox 321 322 327 334; x_wconf 92' lang='lat'>·</span> <span class='ocrx_word' id='word_1_3' title='bbox 384 315 487 389; x_wconf 81' lang='lat' dir='ltr'><strong>ctu.</strong></span> <span class='ocrx_word' id='word_1_4' title='bbox 519 314 601 391; x_wconf 86' lang='lat' dir='ltr'><strong>vn.</strong></span> <span class='ocrx_word' id='word_1_5' title='bbox 650 319 839 395; x_wconf 75' lang='lat' dir='ltr'><strong>osnes</strong></span> <span class='ocrx_word' id='word_1_6' title='bbox 1092 326 1160 397; x_wconf 80' lang='lat' dir='ltr'><strong>aaa</strong></span> 
     </span>
    </p>
   </div>
   <div class='ocr_carea' id='block_1_2' title="bbox 64 501 1289 1302">
    <p class='ocr_par' dir='ltr' id='par_1_2' title="bbox 70 501 1152 599">
     <span class='ocr_line' id='line_1_2' title="bbox 70 501 1152 599; baseline 0.011 -27"><span class='ocrx_word' id='word_1_7' title='bbox 70 524 143 572; x_wconf 75' lang='lat' dir='ltr'><strong>corn</strong></span> <span class='ocrx_word' id='word_1_8' title='bbox 171 501 264 569; x_wconf 85' lang='lat' dir='ltr'><strong>inilia</strong></span> <span class='ocrx_word' id='word_1_9' title='bbox 285 502 436 594; x_wconf 86' lang='lat' dir='ltr'><strong>peditum</strong></span> <span class='ocrx_word' id='word_1_10' title='bbox 460 509 626 599; x_wconf 82' lang='lat' dir='ltr'><strong>imperet3</strong></span> <span class='ocrx_word' id='word_1_11' title='bbox 656 511 721 578; x_wconf 90' lang='lat' dir='ltr'><strong>buc</strong></span> <span class='ocrx_word' id='word_1_12' title='bbox 745 508 840 579; x_wconf 81' lang='lat' dir='ltr'><strong>addit</strong></span> <span class='ocrx_word' id='word_1_13' title='bbox 927 509 992 577; x_wconf 80' lang='lat' dir='ltr'><strong>&#39;tes</strong></span> <span class='ocrx_word' id='word_1_14' title='bbox 1013 509 1152 583; x_wconf 81' lang='lat' dir='ltr'><strong>DGGG.</strong></span> 
     </span>
    </p>

    <p class='ocr_par' dir='ltr' id='par_1_3' title="bbox 65 591 1233 1126">
     <span class='ocr_line' id='line_1_3' title="bbox 69 591 1195 687; baseline 0.009 -26"><span class='ocrx_word' id='word_1_15' title='bbox 69 594 137 661; x_wconf 77' lang='lat' dir='ltr'><strong>tin</strong></span> <span class='ocrx_word' id='word_1_16' title='bbox 167 591 322 680; x_wconf 81' lang='lat' dir='ltr'><strong>praeficit</strong></span> <span class='ocrx_word' id='word_1_17' title='bbox 353 593 495 662; x_wconf 86' lang='lat' dir='ltr'><strong>fratrem</strong></span> <span class='ocrx_word' id='word_1_18' title='bbox 525 595 774 687; x_wconf 58' lang='lat' dir='ltr'><strong>Eporedorigb¹</strong></span> <span class='ocrx_word' id='word_1_19' title='bbox 804 597 845 664; x_wconf 88' lang='lat' dir='ltr'><strong>be</strong></span> <span class='ocrx_word' id='word_1_20' title='bbox 922 606 997 687; x_wconf 83' lang='lat' dir='ltr'><strong>&#39;que</strong></span> <span class='ocrx_word' id='word_1_21' title='bbox 1031 598 1195 672; x_wconf 78' lang='lat' dir='ltr'><strong>inierrid</strong></span> 
     </span>
     <span class='ocr_line' id='line_1_4' title="bbox 68 679 1194 777; baseline 0.01 -28"><span class='ocrx_word' id='word_1_22' title='bbox 68 679 318 766; x_wconf 75' lang='lat' dir='ltr'><strong>Allobrogibus</strong></span> <span class='ocrx_word' id='word_1_23' title='bbox 349 681 456 751; x_wconf 84' lang='lat' dir='ltr'><strong>iubet.</strong></span> <span class='ocrx_word' id='word_1_24' title='bbox 506 685 632 753; x_wconf 84' lang='lat' dir='ltr'><strong>Altera</strong></span> <span class='ocrx_word' id='word_1_25' title='bbox 660 707 703 752; x_wconf 81' lang='lat' dir='ltr'><strong>ex</strong></span> <span class='ocrx_word' id='word_1_26' title='bbox 731 693 830 774; x_wconf 80' lang='lat' dir='ltr'><strong>parte</strong></span> <span class='ocrx_word' id='word_1_27' title='bbox 861 685 1011 754; x_wconf 75' lang='lat' dir='ltr'><strong>Gabalos</strong></span> <span class='ocrx_word' id='word_1_28' title='bbox 1039 689 1194 777; x_wconf 82' lang='lat' dir='ltr'><strong>proxi-6</strong></span> 
     </span>
     <span class='ocr_line' id='line_1_5' title="bbox 68 770 1150 941; baseline 0.007 -20"><span class='ocrx_word' id='word_1_29' title='bbox 68 770 1150 941; x_wconf 51' lang='lat' dir='ltr'><strong>stillantiatiitlttteblilsniti„i⁰i⁰¹¹⁰⁶</strong></span> 
     </span>
     <span class='ocr_line' id='line_1_6' title="bbox 66 884 1233 1036; baseline 0.007 -27"><span class='ocrx_word' id='word_1_30' title='bbox 66 941 236 1034; x_wconf 79' lang='lat' dir='ltr'><strong>pulcndos</strong></span> <span class='ocrx_word' id='word_1_31' title='bbox 256 943 374 1012; x_wconf 84' lang='lat' dir='ltr'><strong>mittit.</strong></span> <span class='ocrx_word' id='word_1_32' title='bbox 418 944 538 1012; x_wconf 83' lang='lat' dir='ltr'><strong>Nibilo</strong></span> <span class='ocrx_word' id='word_1_33' title='bbox 555 947 665 1014; x_wconf 88' lang='lat' dir='ltr'><strong>minus</strong></span> <span class='ocrx_word' id='word_1_34' title='bbox 678 947 899 1015; x_wconf 75' lang='lat' dir='ltr'><strong>clandestinis</strong></span> <span class='ocrx_word' id='word_1_35' title='bbox 914 948 1043 1016; x_wconf 84' lang='lat' dir='ltr'><strong>nuntiis</strong></span> <span class='ocrx_word' id='word_1_36' title='bbox 1056 884 1151 1036; x_wconf 54' lang='lat'><strong>1222:</strong></span> <span class='ocrx_word' id='word_1_37' title='bbox 1169 922 1200 1016; x_wconf 66' lang='grc'><strong>71</strong></span> <span class='ocrx_word' id='word_1_38' title='bbox 1229 1025 1233 1031; x_wconf 46' lang='grc'>,</span> 
     </span>
     <span class='ocr_line' id='line_1_7' title="bbox 65 1030 1148 1126; baseline 0.006 -28"><span class='ocrx_word' id='word_1_39' title='bbox 65 1030 282 1115; x_wconf 86' lang='lat' dir='ltr'><strong>tionibusque</strong></span> <span class='ocrx_word' id='word_1_40' title='bbox 291 1031 502 1120; x_wconf 82' lang='lat' dir='ltr'><strong>Allobrogas</strong></span> <span class='ocrx_word' id='word_1_41' title='bbox 515 1034 689 1117; x_wconf 81' lang='lat' dir='ltr'><strong>sollicitat,</strong></span> <span class='ocrx_word' id='word_1_42' title='bbox 702 1057 844 1126; x_wconf 80' lang='lat' dir='ltr'><strong>quorum</strong></span> <span class='ocrx_word' id='word_1_43' title='bbox 860 1043 989 1103; x_wconf 85' lang='lat' dir='ltr'><strong>mentes</strong></span> <span class='ocrx_word' id='word_1_44' title='bbox 1002 1036 1148 1105; x_wconf 86' lang='lat' dir='ltr'><strong>nondum</strong></span> 
     </span>
    </p>

    <p class='ocr_par' dir='ltr' id='par_1_4' title="bbox 64 1118 1289 1302">
     <span class='ocr_line' id='line_1_8' title="bbox 66 1118 1189 1215; baseline 0.012 -31"><span class='ocrx_word' id='word_1_45' title='bbox 66 1119 110 1184; x_wconf 90' lang='lat' dir='ltr'><strong>ab</strong></span> <span class='ocrx_word' id='word_1_46' title='bbox 137 1118 313 1205; x_wconf 83' lang='lat' dir='ltr'><strong>superiore</strong></span> <span class='ocrx_word' id='word_1_47' title='bbox 337 1119 440 1186; x_wconf 78' lang='lat' dir='ltr'><strong>bollo&#39;</strong></span> <span class='ocrx_word' id='word_1_48' title='bbox 455 1120 624 1188; x_wconf 75' lang='lat' dir='ltr'><strong>resedisse</strong></span> <span class='ocrx_word' id='word_1_49' title='bbox 646 1124 818 1215; x_wconf 82' lang='lat' dir='ltr'><strong>operabat.</strong></span> <span class='ocrx_word' id='word_1_50' title='bbox 868 1121 1000 1191; x_wconf 86' lang='lat' dir='ltr'><strong>Horum</strong></span> <span class='ocrx_word' id='word_1_51' title='bbox 1021 1126 1149 1212; x_wconf 82' lang='lat' dir='ltr'><strong>prinei·</strong></span> <span class='ocrx_word' id='word_1_52' title='bbox 1167 1133 1189 1197; x_wconf 87' lang='lat'>8</span> 
     </span>
     <span class='ocr_line' id='line_1_9' title="bbox 64 1205 1289 1302; baseline 0.006 -29"><span class='ocrx_word' id='word_1_53' title='bbox 64 1206 166 1296; x_wconf 84' lang='lat' dir='ltr'><strong>pibus</strong></span> <span class='ocrx_word' id='word_1_54' title='bbox 188 1205 367 1296; x_wconf 86' lang='lat' dir='ltr'><strong>pecunias,</strong></span> <span class='ocrx_word' id='word_1_55' title='bbox 389 1208 521 1277; x_wconf 86' lang='lat' dir='ltr'><strong>civitati</strong></span> <span class='ocrx_word' id='word_1_56' title='bbox 546 1216 658 1278; x_wconf 83' lang='lat' dir='ltr'><strong>autem</strong></span> <span class='ocrx_word' id='word_1_57' title='bbox 681 1211 859 1302; x_wconf 86' lang='lat' dir='ltr'><strong>imperium</strong></span> <span class='ocrx_word' id='word_1_58' title='bbox 882 1210 991 1279; x_wconf 85' lang='lat' dir='ltr'><strong>totius</strong></span> <span class='ocrx_word' id='word_1_59' title='bbox 1011 1212 1148 1298; x_wconf 84' lang='lat' dir='ltr'><strong>provin·</strong></span> <span class='ocrx_word' id='word_1_60' title='bbox 1287 1209 1289 1217; x_wconf 52' lang='lat'><strong>⁴</strong></span> 
     </span>
    </p>
   </div>
   <div class='ocr_carea' id='block_1_3' title="bbox 93 1406 1176 2017">
    <p class='ocr_par' dir='ltr' id='par_1_5' title="bbox 93 1406 1176 2017">
     <span class='ocr_line' id='line_1_10' title="bbox 98 1406 1147 1480; baseline 0.004 -16"><span class='ocrx_word' id='word_1_61' title='bbox 98 1410 176 1464; x_wconf 83' lang='lat' dir='ltr'><strong>sioni</strong></span> <span class='ocrx_word' id='word_1_62' title='bbox 199 1417 290 1462; x_wconf 83' lang='lat' dir='ltr'><strong>autem</strong></span> <span class='ocrx_word' id='word_1_63' title='bbox 315 1412 404 1476; x_wconf 75' lang='lat' dir='ltr'><strong>oppidi</strong></span> <span class='ocrx_word' id='word_1_64' title='bbox 427 1415 561 1480; x_wconf 72' lang='lat' dir='ltr'><strong>legnsiae</strong></span> <span class='ocrx_word' id='word_1_65' title='bbox 586 1417 639 1475; x_wconf 81' lang='lat' dir='ltr'><strong>(ci.</strong></span> <span class='ocrx_word' id='word_1_66' title='bbox 656 1413 757 1466; x_wconf 76' lang='lat' dir='ltr'><strong>Vlterti</strong></span> <span class='ocrx_word' id='word_1_67' title='bbox 779 1406 799 1466; x_wconf 87' lang='lat' dir='ltr'><strong>i.</strong></span> <span class='ocrx_word' id='word_1_68' title='bbox 816 1419 859 1476; x_wconf 78' lang='lat' dir='ltr'><strong>c.)</strong></span> <span class='ocrx_word' id='word_1_69' title='bbox 882 1415 1027 1468; x_wconf 72' lang='lat' dir='ltr'><strong>incolcet</strong></span> <span class='ocrx_word' id='word_1_70' title='bbox 1049 1417 1147 1480; x_wconf 86' lang='lat' dir='ltr'><strong>populo</strong></span> 
     </span>
     <span class='ocr_line' id='line_1_11' title="bbox 97 1481 1147 1551; baseline 0.004 -18"><span class='ocrx_word' id='word_1_71' title='bbox 97 1481 324 1547; x_wconf 71' lang='lat' dir='ltr'><strong>Sepeuiaoerom</strong></span> <span class='ocrx_word' id='word_1_72' title='bbox 349 1484 458 1536; x_wconf 81' lang='lat' dir='ltr'><strong>diversi</strong></span> <span class='ocrx_word' id='word_1_73' title='bbox 487 1497 551 1536; x_wconf 84' lang='lat' dir='ltr'><strong>esse</strong></span> <span class='ocrx_word' id='word_1_74' title='bbox 577 1491 731 1548; x_wconf 70' lang='lat' dir='ltr'><strong>potuerunt.</strong></span> <span class='ocrx_word' id='word_1_75' title='bbox 774 1485 865 1536; x_wconf 87' lang='lat' dir='ltr'><strong>Nibito</strong></span> <span class='ocrx_word' id='word_1_76' title='bbox 888 1485 979 1536; x_wconf 82' lang='lat' dir='ltr'><strong>minus</strong></span> <span class='ocrx_word' id='word_1_77' title='bbox 1003 1499 1057 1537; x_wconf 92' lang='lat' dir='ltr'><strong>nou</strong></span> <span class='ocrx_word' id='word_1_78' title='bbox 1081 1485 1147 1551; x_wconf 78' lang='lat' dir='ltr'><strong>quid</strong></span> 
     </span>
     <span class='ocr_line' id='line_1_12' title="bbox 98 1549 1147 1622; baseline 0.003 -20"><span class='ocrx_word' id='word_1_79' title='bbox 98 1551 185 1602; x_wconf 85' lang='lat' dir='ltr'><strong>scribi</strong></span> <span class='ocrx_word' id='word_1_80' title='bbox 202 1551 325 1602; x_wconf 82' lang='lat' dir='ltr'><strong>debuerit</strong></span> <span class='ocrx_word' id='word_1_81' title='bbox 343 1555 391 1603; x_wconf 87' lang='lat' dir='ltr'><strong>eut</strong></span> <span class='ocrx_word' id='word_1_82' title='bbox 410 1554 543 1620; x_wconf 85' lang='lat' dir='ltr'><strong>potuerit,</strong></span> <span class='ocrx_word' id='word_1_83' title='bbox 561 1557 610 1606; x_wconf 86' lang='lat' dir='ltr'><strong>sed</strong></span> <span class='ocrx_word' id='word_1_84' title='bbox 626 1554 690 1618; x_wconf 86' lang='lat' dir='ltr'><strong>quid</strong></span> <span class='ocrx_word' id='word_1_85' title='bbox 707 1552 837 1616; x_wconf 82' lang='lat' dir='ltr'><strong>scriptun</strong></span> <span class='ocrx_word' id='word_1_86' title='bbox 855 1553 926 1605; x_wconf 83' lang='lat' dir='ltr'><strong>sita</strong></span> <span class='ocrx_word' id='word_1_87' title='bbox 947 1549 1147 1622; x_wconf 50' lang='grc' dir='ltr'><strong>(1116116ρο-</strong></span> 
     </span>
     <span class='ocr_line' id='line_1_13' title="bbox 96 1620 1176 1687; baseline 0.004 -16"><span class='ocrx_word' id='word_1_88' title='bbox 96 1620 251 1672; x_wconf 75' lang='lat' dir='ltr'><strong>dicentibus</strong></span> <span class='ocrx_word' id='word_1_89' title='bbox 276 1624 424 1674; x_wconf 67' lang='lat' dir='ltr'><strong>moundum</strong></span> <span class='ocrx_word' id='word_1_90' title='bbox 448 1623 557 1674; x_wconf 87' lang='lat' dir='ltr'><strong>codices</strong></span> <span class='ocrx_word' id='word_1_91' title='bbox 582 1622 759 1676; x_wconf 85' lang='lat' dir='ltr'><strong>verisimilius</strong></span> <span class='ocrx_word' id='word_1_92' title='bbox 784 1622 873 1673; x_wconf 87' lang='lat' dir='ltr'><strong>videri</strong></span> <span class='ocrx_word' id='word_1_93' title='bbox 898 1623 979 1672; x_wconf 87' lang='lat' dir='ltr'><strong>debet</strong></span> <span class='ocrx_word' id='word_1_94' title='bbox 1003 1622 1047 1687; x_wconf 91' lang='lat' dir='ltr'><strong>id,</strong></span> <span class='ocrx_word' id='word_1_95' title='bbox 1076 1625 1146 1686; x_wconf 84' lang='lat' dir='ltr'><strong>quod</strong></span> <span class='ocrx_word' id='word_1_96' title='bbox 1175 1678 1176 1687; x_wconf 18' lang='lat' dir='ltr'><strong>p</strong></span> 
     </span>
     <span class='ocr_line' id='line_1_14' title="bbox 95 1686 1146 1759; baseline 0.003 -19"><span class='ocrx_word' id='word_1_97' title='bbox 95 1691 177 1740; x_wconf 71' lang='lat' dir='ltr'><strong>simu</strong></span> <span class='ocrx_word' id='word_1_98' title='bbox 198 1691 228 1738; x_wconf 88' lang='lat' dir='ltr'><strong>et</strong></span> <span class='ocrx_word' id='word_1_99' title='bbox 251 1690 395 1753; x_wconf 76' lang='lat' dir='ltr'><strong>analogiae</strong></span> <span class='ocrx_word' id='word_1_100' title='bbox 418 1693 624 1745; x_wconf 84' lang='lat' dir='ltr'><strong>convenientius</strong></span> <span class='ocrx_word' id='word_1_101' title='bbox 647 1695 692 1742; x_wconf 82' lang='lat' dir='ltr'><strong>est</strong></span> <span class='ocrx_word' id='word_1_102' title='bbox 715 1693 743 1742; x_wconf 88' lang='lat' dir='ltr'><strong>et</strong></span> <span class='ocrx_word' id='word_1_103' title='bbox 766 1688 951 1757; x_wconf 71' lang='lat' dir='ltr'><strong>attrahens,</strong></span> <span class='ocrx_word' id='word_1_104' title='bbox 979 1686 1146 1759; x_wconf 77' lang='lat' dir='ltr'><strong>Ptolemaeo,</strong></span> 
     </span>
     <span class='ocr_line' id='line_1_15' title="bbox 94 1756 1146 1827; baseline 0.003 -18"><span class='ocrx_word' id='word_1_105' title='bbox 94 1758 185 1809; x_wconf 88' lang='lat' dir='ltr'><strong>Plinio</strong></span> <span class='ocrx_word' id='word_1_106' title='bbox 202 1759 341 1821; x_wconf 84' lang='lat' dir='ltr'><strong>usurpatis</strong></span> <span class='ocrx_word' id='word_1_107' title='bbox 359 1761 510 1812; x_wconf 87' lang='lat' dir='ltr'><strong>nominibus</strong></span> <span class='ocrx_word' id='word_1_108' title='bbox 527 1761 661 1825; x_wconf 82' lang='lat' dir='ltr'><strong>congruit.</strong></span> <span class='ocrx_word' id='word_1_109' title='bbox 691 1756 735 1812; x_wconf 82' lang='lat' dir='ltr'><strong>ct.</strong></span> <span class='ocrx_word' id='word_1_110' title='bbox 752 1761 896 1813; x_wconf 71' lang='lat' dir='ltr'><strong>Strabonis</strong></span> <span class='ocrx_word' id='word_1_111' title='bbox 914 1761 978 1812; x_wconf 86' lang='lat' dir='ltr'><strong>Vol.</strong></span> <span class='ocrx_word' id='word_1_112' title='bbox 995 1764 1021 1811; x_wconf 85' lang='lat' dir='ltr'><strong>t.</strong></span> <span class='ocrx_word' id='word_1_113' title='bbox 1042 1773 1068 1824; x_wconf 81' lang='lat' dir='ltr'><strong>p.</strong></span> <span class='ocrx_word' id='word_1_114' title='bbox 1082 1762 1146 1827; x_wconf 76' lang='grc'><strong>290,</strong></span> 
     </span>
     <span class='ocr_line' id='line_1_16' title="bbox 95 1824 1147 1896; baseline 0.001 -17"><span class='ocrx_word' id='word_1_115' title='bbox 95 1827 161 1879; x_wconf 75' lang='lat' dir='ltr'><strong>det</strong></span> <span class='ocrx_word' id='word_1_116' title='bbox 179 1824 196 1877; x_wconf 79' lang='lat'><strong>5</strong></span> <span class='ocrx_word' id='word_1_117' title='bbox 216 1835 245 1875; x_wconf 86' lang='lat' dir='ltr'><strong>et</strong></span> <span class='ocrx_word' id='word_1_118' title='bbox 262 1842 287 1886; x_wconf 90' lang='lat' dir='ltr'><strong>p.</strong></span> <span class='ocrx_word' id='word_1_119' title='bbox 306 1827 375 1892; x_wconf 79' lang='lat'>300,</span> <span class='ocrx_word' id='word_1_120' title='bbox 394 1833 419 1880; x_wconf 82' lang='grc'><strong>3.</strong></span> <span class='ocrx_word' id='word_1_121' title='bbox 444 1830 538 1880; x_wconf 80' lang='lat' dir='ltr'><strong>liram.</strong></span> <span class='ocrx_word' id='word_1_122' title='bbox 555 1824 783 1881; x_wconf 84' lang='lat' dir='ltr'><strong>PtolemaelVol.</strong></span> <span class='ocrx_word' id='word_1_123' title='bbox 802 1830 828 1882; x_wconf 84' lang='lat'><strong>1.</strong></span> <span class='ocrx_word' id='word_1_124' title='bbox 852 1845 879 1892; x_wconf 86' lang='lat' dir='ltr'><strong>p.</strong></span> <span class='ocrx_word' id='word_1_125' title='bbox 898 1827 1001 1896; x_wconf 82' lang='lat'><strong>105‚1</strong></span> <span class='ocrx_word' id='word_1_126' title='bbox 1025 1837 1054 1879; x_wconf 86' lang='lat' dir='ltr'><strong>eo</strong></span> <span class='ocrx_word' id='word_1_127' title='bbox 1075 1834 1094 1882; x_wconf 82' lang='lat'><strong><em>3</em></strong></span> <span class='ocrx_word' id='word_1_128' title='bbox 1117 1837 1147 1880; x_wconf 88' lang='lat' dir='ltr'><strong>et</strong></span> 
     </span>
     <span class='ocr_line' id='line_1_17' title="bbox 93 1891 1146 2017; baseline 0.003 -72"><span class='ocrx_word' id='word_1_129' title='bbox 93 1891 209 2017; x_wconf 49' lang='lat' dir='ltr'><strong>&amp;dudd</strong></span> <span class='ocrx_word' id='word_1_130' title='bbox 209 1897 241 2014; x_wconf 76' lang='grc'><strong>561</strong></span> <span class='ocrx_word' id='word_1_131' title='bbox 256 1896 342 1946; x_wconf 83' lang='lat' dir='ltr'><strong>Nobb.</strong></span> <span class='ocrx_word' id='word_1_132' title='bbox 358 1898 441 1949; x_wconf 84' lang='lat' dir='ltr'><strong>Plinii</strong></span> <span class='ocrx_word' id='word_1_133' title='bbox 460 1899 525 1951; x_wconf 86' lang='lat' dir='ltr'><strong>Vol.</strong></span> <span class='ocrx_word' id='word_1_134' title='bbox 539 1902 565 1950; x_wconf 86' lang='grc'><strong>1.</strong></span> <span class='ocrx_word' id='word_1_135' title='bbox 583 1913 610 1962; x_wconf 88' lang='lat' dir='ltr'><strong>p.</strong></span> <span class='ocrx_word' id='word_1_136' title='bbox 625 1898 688 1961; x_wconf 85' lang='grc'>225,</span> <span class='ocrx_word' id='word_1_137' title='bbox 705 1899 723 1947; x_wconf 80' lang='grc'>9</span> <span class='ocrx_word' id='word_1_138' title='bbox 738 1898 823 1950; x_wconf 82' lang='lat' dir='ltr'><strong>ilerd.</strong></span> <span class='ocrx_word' id='word_1_139' title='bbox 841 1898 905 1951; x_wconf 79' lang='lat' dir='ltr'><strong>Vol·</strong></span> <span class='ocrx_word' id='word_1_140' title='bbox 921 1901 948 1952; x_wconf 91' lang='grc'><strong>1.</strong></span> <span class='ocrx_word' id='word_1_141' title='bbox 966 1911 993 1961; x_wconf 84' lang='lat' dir='ltr'><strong>p.</strong></span> <span class='ocrx_word' id='word_1_142' title='bbox 1007 1901 1059 1949; x_wconf 80' lang='grc'><strong>322</strong></span> <span class='ocrx_word' id='word_1_143' title='bbox 1074 1906 1146 1951; x_wconf 87' lang='lat' dir='ltr'><strong>extr.</strong></span> 
     </span>
     <span class='ocr_line' id='line_1_18' title="bbox 116 1979 252 2017; baseline -0.022 -3"><span class='ocrx_word' id='word_1_144' title='bbox 116 1979 155 2017; x_wconf 83' lang='lat' dir='ltr'><strong>i.</strong></span> <span class='ocrx_word' id='word_1_145' title='bbox 246 1997 252 2011; x_wconf 96' lang='lat'><em>.</em></span> 
     </span>
    </p>
   </div>
   <div class='ocr_carea' id='block_1_4' title="bbox 127 2047 525 2116">
    <p class='ocr_par' dir='ltr' id='par_1_6' title="bbox 127 2047 525 2116">
     <span class='ocr_line' id='line_1_19' title="bbox 127 2047 525 2116; baseline 0.008 -16"><span class='ocrx_word' id='word_1_146' title='bbox 127 2047 247 2116; x_wconf 85' lang='lat' dir='ltr'><strong>finitimi]</strong></span> <span class='ocrx_word' id='word_1_147' title='bbox 265 2047 391 2114; x_wconf 72' lang='lat' dir='ltr'><strong>finitumi</strong></span> <span class='ocrx_word' id='word_1_148' title='bbox 409 2051 476 2103; x_wconf 83' lang='lat' dir='ltr'><strong>oud.</strong></span> <span class='ocrx_word' id='word_1_149' title='bbox 498 2054 525 2105; x_wconf 89' lang='grc'><strong>2.</strong></span> 
     </span>
    </p>
   </div>
   <div class='ocr_carea' id='block_1_5' title="bbox 89 2131 1145 2816">
    <p class='ocr_par' dir='ltr' id='par_1_7' title="bbox 114 2131 1143 2221">
     <span class='ocr_line' id='line_1_20' title="bbox 114 2131 1143 2221; baseline -0.005 -32"><span class='ocrx_word' id='word_1_150' title='bbox 114 2134 301 2219; x_wconf 53' lang='grc' dir='ltr'><strong>οτονίοοίοο]</strong></span> <span class='ocrx_word' id='word_1_151' title='bbox 327 2137 387 2188; x_wconf 86' lang='lat' dir='ltr'><strong>cod.</strong></span> <span class='ocrx_word' id='word_1_152' title='bbox 410 2135 489 2187; x_wconf 86' lang='lat' dir='ltr'><strong>Dion.</strong></span> <span class='ocrx_word' id='word_1_153' title='bbox 505 2134 616 2198; x_wconf 79' lang='lat' dir='ltr'><strong>vossii,</strong></span> <span class='ocrx_word' id='word_1_154' title='bbox 645 2136 675 2186; x_wconf 80' lang='lat' dir='ltr'><strong>S.</strong></span> <span class='ocrx_word' id='word_1_155' title='bbox 698 2135 780 2221; x_wconf 37' lang='lat' dir='ltr'><strong>Dolo..</strong></span> <span class='ocrx_word' id='word_1_156' title='bbox 793 2135 878 2197; x_wconf 77' lang='lat' dir='ltr'><strong>Boug.</strong></span> <span class='ocrx_word' id='word_1_157' title='bbox 895 2131 928 2184; x_wconf 79' lang='grc'><strong>0.</strong></span> <span class='ocrx_word' id='word_1_158' title='bbox 952 2135 993 2185; x_wconf 76' lang='lat' dir='ltr'><strong>So.</strong></span> <span class='ocrx_word' id='word_1_159' title='bbox 1019 2135 1062 2185; x_wconf 86' lang='lat' dir='ltr'><strong>ln.</strong></span> <span class='ocrx_word' id='word_1_160' title='bbox 1084 2146 1143 2199; x_wconf 73' lang='lat' dir='ltr'><strong>sqq.</strong></span> 
     </span>
    </p>

    <p class='ocr_par' dir='ltr' id='par_1_8' title="bbox 89 2200 1145 2816">
     <span class='ocr_line' id='line_1_21' title="bbox 92 2200 1145 2339; baseline -0.002 -13"><span class='ocrx_word' id='word_1_161' title='bbox 92 2200 817 2339; x_wconf 59' lang='lat' dir='ltr'><strong>ilii.Vi⁸⁸t⁸÷ilc⁶3b¹b”bi‚bibli</strong></span> <span class='ocrx_word' id='word_1_162' title='bbox 833 2201 1145 2339; x_wconf 58' lang='lat' dir='ltr'><strong>lectitent</strong></span> 
     </span>
     <span class='ocr_line' id='line_1_22' title="bbox 93 2339 1144 2408; baseline -0.003 -12"><span class='ocrx_word' id='word_1_163' title='bbox 93 2352 158 2397; x_wconf 83' lang='lat' dir='ltr'><strong>cuce</strong></span> <span class='ocrx_word' id='word_1_164' title='bbox 174 2343 217 2392; x_wconf 88' lang='lat' dir='ltr'><strong>lu.</strong></span> <span class='ocrx_word' id='word_1_165' title='bbox 244 2341 324 2392; x_wconf 87' lang='lat' dir='ltr'><strong>cuins</strong></span> <span class='ocrx_word' id='word_1_166' title='bbox 347 2343 544 2405; x_wconf 88' lang='lat' dir='ltr'><strong>interpretandi</strong></span> <span class='ocrx_word' id='word_1_167' title='bbox 567 2353 654 2393; x_wconf 86' lang='lat' dir='ltr'><strong>causo</strong></span> <span class='ocrx_word' id='word_1_168' title='bbox 669 2339 846 2393; x_wconf 77' lang='lat' dir='ltr'><strong>libelliconue</strong></span> <span class='ocrx_word' id='word_1_169' title='bbox 871 2339 1008 2408; x_wconf 88' lang='lat' dir='ltr'><strong>„scilicec</strong></span> <span class='ocrx_word' id='word_1_170' title='bbox 1027 2341 1144 2393; x_wconf 73' lang='lat' dir='ltr'><strong>Reduc·</strong></span> 
     </span>
     <span class='ocr_line' id='line_1_23' title="bbox 91 2405 1143 2476; baseline -0.006 -10"><span class='ocrx_word' id='word_1_171' title='bbox 91 2407 189 2466; x_wconf 78' lang='lat' dir='ltr'><strong>rum“</strong></span> <span class='ocrx_word' id='word_1_172' title='bbox 220 2412 376 2471; x_wconf 74' lang='lat' dir='ltr'><strong>adscripsit.</strong></span> <span class='ocrx_word' id='word_1_173' title='bbox 420 2415 520 2464; x_wconf 77' lang='lat' dir='ltr'><strong>lisdem</strong></span> <span class='ocrx_word' id='word_1_174' title='bbox 552 2411 676 2474; x_wconf 85' lang='lat' dir='ltr'><strong>opinione</strong></span> <span class='ocrx_word' id='word_1_175' title='bbox 703 2405 811 2463; x_wconf 84' lang='lat' dir='ltr'><strong>librarii</strong></span> <span class='ocrx_word' id='word_1_176' title='bbox 835 2421 955 2461; x_wconf 84' lang='lat' dir='ltr'><strong>errorem</strong></span> <span class='ocrx_word' id='word_1_177' title='bbox 980 2421 1143 2476; x_wconf 76' lang='lat' dir='ltr'><strong>propagare,</strong></span> 
     </span>
     <span class='ocr_line' id='line_1_24' title="bbox 91 2477 1143 2545; baseline -0.005 -10"><span class='ocrx_word' id='word_1_178' title='bbox 91 2479 265 2536; x_wconf 77' lang='lat' dir='ltr'><strong>occasionem</strong></span> <span class='ocrx_word' id='word_1_179' title='bbox 282 2491 351 2530; x_wconf 81' lang='lat' dir='ltr'><strong>vero</strong></span> <span class='ocrx_word' id='word_1_180' title='bbox 367 2483 434 2531; x_wconf 87' lang='lat' dir='ltr'><strong>dare</strong></span> <span class='ocrx_word' id='word_1_181' title='bbox 454 2482 543 2533; x_wconf 87' lang='lat' dir='ltr'><strong>errori</strong></span> <span class='ocrx_word' id='word_1_182' title='bbox 568 2479 758 2545; x_wconf 84' lang='lat' dir='ltr'><strong>praecedentis</strong></span> <span class='ocrx_word' id='word_1_183' title='bbox 782 2478 898 2530; x_wconf 84' lang='lat' dir='ltr'><strong>nominis</strong></span> <span class='ocrx_word' id='word_1_184' title='bbox 922 2477 1030 2530; x_wconf 83' lang='lat' dir='ltr'><strong>litterae</strong></span> <span class='ocrx_word' id='word_1_185' title='bbox 1048 2488 1143 2530; x_wconf 86' lang='lat' dir='ltr'><strong>excre-</strong></span> 
     </span>
     <span class='ocr_line' id='line_1_25' title="bbox 93 2543 1144 2615; baseline -0.005 -12"><span class='ocrx_word' id='word_1_186' title='bbox 93 2563 156 2604; x_wconf 82' lang='lat' dir='ltr'><strong>mae</strong></span> <span class='ocrx_word' id='word_1_187' title='bbox 174 2556 333 2614; x_wconf 83' lang='lat' dir='ltr'><strong>potuerunt,</strong></span> <span class='ocrx_word' id='word_1_188' title='bbox 358 2551 383 2600; x_wconf 90' lang='lat' dir='ltr'><strong>si</strong></span> <span class='ocrx_word' id='word_1_189' title='bbox 406 2552 435 2615; x_wconf 83' lang='lat' dir='ltr'><strong>in</strong></span> <span class='ocrx_word' id='word_1_190' title='bbox 451 2553 603 2614; x_wconf 85' lang='lat' dir='ltr'><strong>archetypo</strong></span> <span class='ocrx_word' id='word_1_191' title='bbox 620 2556 762 2600; x_wconf 82' lang='lat' dir='ltr'><strong>exaratum</strong></span> <span class='ocrx_word' id='word_1_192' title='bbox 781 2549 834 2600; x_wconf 79' lang='lat' dir='ltr'><strong>init</strong></span> <span class='ocrx_word' id='word_1_193' title='bbox 853 2546 994 2612; x_wconf 72' lang='lat' dir='ltr'><strong>finitumei</strong></span> <span class='ocrx_word' id='word_1_194' title='bbox 1010 2549 1041 2597; x_wconf 87' lang='lat' dir='ltr'><strong>ut</strong></span> <span class='ocrx_word' id='word_1_195' title='bbox 1057 2551 1090 2614; x_wconf 90' lang='grc'><strong>6,</strong></span> <span class='ocrx_word' id='word_1_196' title='bbox 1106 2543 1144 2598; x_wconf 76' lang='grc'><strong>46</strong></span> 
     </span>
     <span class='ocr_line' id='line_1_26' title="bbox 90 2615 1144 2681; baseline -0.007 -7"><span class='ocrx_word' id='word_1_197' title='bbox 90 2619 199 2681; x_wconf 74' lang='lat'><strong>§.7111</strong></span> <span class='ocrx_word' id='word_1_198' title='bbox 218 2618 299 2671; x_wconf 77' lang='lat' dir='ltr'><strong>Goth.</strong></span> <span class='ocrx_word' id='word_1_199' title='bbox 318 2619 347 2665; x_wconf 87' lang='lat' dir='ltr'><strong>B.</strong></span> <span class='ocrx_word' id='word_1_200' title='bbox 366 2631 384 2671; x_wconf 86' lang='lat' dir='ltr'><strong>a</strong></span> <span class='ocrx_word' id='word_1_201' title='bbox 400 2633 435 2670; x_wconf 83' lang='lat' dir='ltr'><strong>ni.</strong></span> <span class='ocrx_word' id='word_1_202' title='bbox 454 2632 494 2681; x_wconf 90' lang='lat' dir='ltr'><strong>pr.</strong></span> <span class='ocrx_word' id='word_1_203' title='bbox 512 2621 567 2670; x_wconf 83' lang='lat' dir='ltr'><strong>fuit</strong></span> <span class='ocrx_word' id='word_1_204' title='bbox 585 2618 744 2670; x_wconf 78' lang='lat' dir='ltr'><strong>troductei.</strong></span> <span class='ocrx_word' id='word_1_205' title='bbox 774 2617 994 2670; x_wconf 71' lang='lat' dir='ltr'><strong>seducentem</strong></span> <span class='ocrx_word' id='word_1_206' title='bbox 1013 2615 1144 2681; x_wconf 77' lang='lat' dir='ltr'><strong>finitimei</strong></span> 
     </span>
     <span class='ocr_line' id='line_1_27' title="bbox 92 2684 1144 2816; baseline -0.002 -75"><span class='ocrx_word' id='word_1_207' title='bbox 92 2687 450 2816; x_wconf 49' lang='lat' dir='ltr'><strong>scrigaisre35ptgod4dedit</strong></span> <span class='ocrx_word' id='word_1_208' title='bbox 464 2688 561 2755; x_wconf 62' lang='lat' dir='ltr'><strong>Nipp„</strong></span> <span class='ocrx_word' id='word_1_209' title='bbox 585 2688 674 2737; x_wconf 88' lang='lat' dir='ltr'><strong>minus</strong></span> <span class='ocrx_word' id='word_1_210' title='bbox 694 2685 843 2737; x_wconf 86' lang='lat' dir='ltr'><strong>verisimile</strong></span> <span class='ocrx_word' id='word_1_211' title='bbox 859 2685 978 2737; x_wconf 83' lang='lat' dir='ltr'><strong>videtur.</strong></span> <span class='ocrx_word' id='word_1_212' title='bbox 1012 2684 1056 2737; x_wconf 80' lang='lat' dir='ltr'><strong>Oi.</strong></span> <span class='ocrx_word' id='word_1_213' title='bbox 1080 2687 1144 2740; x_wconf 83' lang='lat' dir='ltr'><strong>edu.</strong></span> 
     </span>
     <span class='ocr_line' id='line_1_28' title="bbox 89 2770 374 2811; baseline -0.007 -1"><span class='ocrx_word' id='word_1_214' title='bbox 89 2772 132 2811; x_wconf 86' lang='lat' dir='ltr'><strong>cr.</strong></span> <span class='ocrx_word' id='word_1_215' title='bbox 205 2770 229 2808; x_wconf 94' lang='lat' dir='ltr'><strong>c.</strong></span> <span class='ocrx_word' id='word_1_216' title='bbox 324 2790 331 2808; x_wconf 88' lang='lat'><strong>.</strong></span> <span class='ocrx_word' id='word_1_217' title='bbox 367 2788 374 2805; x_wconf 85' lang='lat'><strong>·</strong></span> 
     </span>
    </p>
   </div>
   <div class='ocr_carea' id='block_1_6' title="bbox 91 2835 1238 3392">
    <p class='ocr_par' dir='ltr' id='par_1_9' title="bbox 91 2835 1238 3392">
     <span class='ocr_line' id='line_1_29' title="bbox 127 2835 1142 2907; baseline -0.003 -16"><span class='ocrx_word' id='word_1_218' title='bbox 127 2839 190 2904; x_wconf 73' lang='lat'><strong>§.5</strong></span> <span class='ocrx_word' id='word_1_219' title='bbox 213 2839 325 2900; x_wconf 80' lang='lat' dir='ltr'><strong>inferri]</strong></span> <span class='ocrx_word' id='word_1_220' title='bbox 349 2840 468 2907; x_wconf 71' lang='lat' dir='ltr'><strong>inferre</strong></span> <span class='ocrx_word' id='word_1_221' title='bbox 492 2839 563 2890; x_wconf 82' lang='lat' dir='ltr'><strong>And.</strong></span> <span class='ocrx_word' id='word_1_222' title='bbox 588 2838 640 2890; x_wconf 80' lang='lat'><strong>01.</strong></span> <span class='ocrx_word' id='word_1_223' title='bbox 663 2837 713 2888; x_wconf 83' lang='grc' dir='ltr'><strong>6ο.</strong></span> <span class='ocrx_word' id='word_1_224' title='bbox 737 2838 766 2889; x_wconf 77' lang='lat' dir='ltr'><strong>S.</strong></span> <span class='ocrx_word' id='word_1_225' title='bbox 783 2838 843 2888; x_wconf 83' lang='lat' dir='ltr'><strong>Pet.</strong></span> <span class='ocrx_word' id='word_1_226' title='bbox 863 2835 941 2887; x_wconf 80' lang='lat' dir='ltr'><strong>Leid.</strong></span> <span class='ocrx_word' id='word_1_227' title='bbox 956 2838 992 2886; x_wconf 80' lang='lat' dir='ltr'><strong>A.</strong></span> <span class='ocrx_word' id='word_1_228' title='bbox 1018 2836 1090 2888; x_wconf 80' lang='lat' dir='ltr'><strong>flav.</strong></span> <span class='ocrx_word' id='word_1_229' title='bbox 1108 2841 1142 2888; x_wconf 78' lang='lat' dir='ltr'><strong>A.</strong></span> 
     </span>
     <span class='ocr_line' id='line_1_30' title="bbox 91 2905 1144 2974; baseline -0.005 -12"><span class='ocrx_word' id='word_1_230' title='bbox 91 2911 176 2962; x_wconf 77' lang='lat' dir='ltr'><strong>vind.</strong></span> <span class='ocrx_word' id='word_1_231' title='bbox 196 2912 229 2960; x_wconf 82' lang='grc' dir='ltr'><strong>Α.</strong></span> <span class='ocrx_word' id='word_1_232' title='bbox 247 2910 307 2968; x_wconf 83' lang='lat' dir='ltr'><strong>(bie</strong></span> <span class='ocrx_word' id='word_1_233' title='bbox 323 2914 387 2974; x_wconf 88' lang='lat' dir='ltr'><strong>post</strong></span> <span class='ocrx_word' id='word_1_234' title='bbox 404 2907 614 2974; x_wconf 72' lang='lat' dir='ltr'><strong>Ainea-opttus)</strong></span> <span class='ocrx_word' id='word_1_235' title='bbox 643 2908 705 2957; x_wconf 83' lang='lat' dir='ltr'><strong>Aid.</strong></span> <span class='ocrx_word' id='word_1_236' title='bbox 723 2920 782 2969; x_wconf 84' lang='lat' dir='ltr'><strong>sqq.</strong></span> <span class='ocrx_word' id='word_1_237' title='bbox 810 2906 903 2971; x_wconf 71' lang='lat' dir='ltr'><strong>„leil</strong></span> <span class='ocrx_word' id='word_1_238' title='bbox 923 2906 1054 2972; x_wconf 67' lang='lat' dir='ltr'><strong>fratrem</strong></span> <span class='ocrx_word' id='word_1_239' title='bbox 1076 2905 1144 2972; x_wconf 63' lang='lat' dir='ltr'><strong>Ep„</strong></span> 
     </span>
     <span class='ocr_line' id='line_1_31' title="bbox 91 2974 1238 3045; baseline -0.007 -13"><span class='ocrx_word' id='word_1_240' title='bbox 91 2991 147 3033; x_wconf 88' lang='lat' dir='ltr'><strong>non</strong></span> <span class='ocrx_word' id='word_1_241' title='bbox 167 2979 227 3045; x_wconf 77' lang='lat' dir='ltr'><strong>lois,</strong></span> <span class='ocrx_word' id='word_1_242' title='bbox 253 2977 366 3030; x_wconf 79' lang='lat' dir='ltr'><strong>iubet.“</strong></span> <span class='ocrx_word' id='word_1_243' title='bbox 398 2978 468 3030; x_wconf 82' lang='lat' dir='ltr'><strong>oud.</strong></span> <span class='ocrx_word' id='word_1_244' title='bbox 493 2977 608 3042; x_wconf 87' lang='lat' dir='ltr'><strong>quinon</strong></span> <span class='ocrx_word' id='word_1_245' title='bbox 625 2977 681 3026; x_wconf 68' lang='lat' dir='ltr'><strong>mm</strong></span> <span class='ocrx_word' id='word_1_246' title='bbox 699 2974 777 3026; x_wconf 73' lang='lat' dir='ltr'><strong>tolet</strong></span> <span class='ocrx_word' id='word_1_247' title='bbox 795 2975 908 3025; x_wconf 83' lang='lat' dir='ltr'><strong>verbnm</strong></span> <span class='ocrx_word' id='word_1_248' title='bbox 926 2985 981 3024; x_wconf 93' lang='lat' dir='ltr'><strong>uon</strong></span> <span class='ocrx_word' id='word_1_249' title='bbox 1000 2987 1064 3024; x_wconf 90' lang='lat' dir='ltr'><strong>esse</strong></span> <span class='ocrx_word' id='word_1_250' title='bbox 1082 2987 1143 3025; x_wconf 83' lang='lat' dir='ltr'><strong>curu</strong></span> <span class='ocrx_word' id='word_1_251' title='bbox 1230 2983 1238 2993; x_wconf 84' lang='lat'><strong><em>‘</em></strong></span> 
     </span>
     <span class='ocr_line' id='line_1_32' title="bbox 93 3043 1143 3110; baseline -0.007 -9"><span class='ocrx_word' id='word_1_252' title='bbox 93 3049 188 3101; x_wconf 80' lang='lat' dir='ltr'><strong>dativo</strong></span> <span class='ocrx_word' id='word_1_253' title='bbox 209 3048 420 3099; x_wconf 87' lang='lat' dir='ltr'><strong>construendum</strong></span> <span class='ocrx_word' id='word_1_254' title='bbox 438 3048 553 3110; x_wconf 87' lang='lat' dir='ltr'><strong>docere,</strong></span> <span class='ocrx_word' id='word_1_255' title='bbox 576 3057 653 3107; x_wconf 83' lang='lat' dir='ltr'><strong>quem</strong></span> <span class='ocrx_word' id='word_1_256' title='bbox 672 3046 788 3106; x_wconf 80' lang='lat' dir='ltr'><strong>prodere</strong></span> <span class='ocrx_word' id='word_1_257' title='bbox 804 3043 980 3095; x_wconf 78' lang='lat' dir='ltr'><strong>offensionem</strong></span> <span class='ocrx_word' id='word_1_258' title='bbox 998 3043 1033 3095; x_wconf 84' lang='lat' dir='ltr'><strong>ab</strong></span> <span class='ocrx_word' id='word_1_259' title='bbox 1051 3044 1143 3094; x_wconf 85' lang='lat' dir='ltr'><strong>activo</strong></span> 
     </span>
     <span class='ocr_line' id='line_1_33' title="bbox 92 3111 1142 3186; baseline -0.007 -16"><span class='ocrx_word' id='word_1_260' title='bbox 92 3119 210 3186; x_wconf 71' lang='lat' dir='ltr'><strong>inferre</strong></span> <span class='ocrx_word' id='word_1_261' title='bbox 228 3121 367 3179; x_wconf 77' lang='lat' dir='ltr'><strong>acceptam</strong></span> <span class='ocrx_word' id='word_1_262' title='bbox 386 3117 511 3181; x_wconf 83' lang='lat' dir='ltr'><strong>videtur,</strong></span> <span class='ocrx_word' id='word_1_263' title='bbox 537 3115 685 3181; x_wconf 84' lang='lat' dir='ltr'><strong>quodcum</strong></span> <span class='ocrx_word' id='word_1_264' title='bbox 707 3126 758 3176; x_wconf 88' lang='lat' dir='ltr'><strong>per</strong></span> <span class='ocrx_word' id='word_1_265' title='bbox 780 3124 860 3163; x_wconf 83' lang='lat' dir='ltr'><strong>usum</strong></span> <span class='ocrx_word' id='word_1_266' title='bbox 883 3111 1010 3174; x_wconf 80' lang='lat' dir='ltr'><strong>loquendi</strong></span> <span class='ocrx_word' id='word_1_267' title='bbox 1029 3112 1065 3162; x_wconf 83' lang='lat' dir='ltr'><strong>cd</strong></span> <span class='ocrx_word' id='word_1_268' title='bbox 1080 3112 1142 3163; x_wconf 80' lang='lat' dir='ltr'><strong>iro·</strong></span> 
     </span>
     <span class='ocr_line' id='line_1_34' title="bbox 91 3180 1143 3251; baseline -0.009 -11"><span class='ocrx_word' id='word_1_269' title='bbox 91 3197 162 3240; x_wconf 87' lang='lat' dir='ltr'><strong>trem</strong></span> <span class='ocrx_word' id='word_1_270' title='bbox 180 3186 372 3251; x_wconf 77' lang='lat' dir='ltr'><strong>Eporedorigis</strong></span> <span class='ocrx_word' id='word_1_271' title='bbox 395 3185 531 3250; x_wconf 82' lang='lat' dir='ltr'><strong>equitibus</strong></span> <span class='ocrx_word' id='word_1_272' title='bbox 554 3183 724 3246; x_wconf 80' lang='lat' dir='ltr'><strong>preelectum</strong></span> <span class='ocrx_word' id='word_1_273' title='bbox 747 3183 920 3232; x_wconf 79' lang='lat' dir='ltr'><strong>referendum</strong></span> <span class='ocrx_word' id='word_1_274' title='bbox 939 3180 993 3243; x_wconf 86' lang='lat' dir='ltr'><strong>sit,</strong></span> <span class='ocrx_word' id='word_1_275' title='bbox 1017 3192 1064 3230; x_wconf 86' lang='lat' dir='ltr'><strong>res</strong></span> <span class='ocrx_word' id='word_1_276' title='bbox 1081 3180 1143 3242; x_wconf 80' lang='lat' dir='ltr'><strong>ipse</strong></span> 
     </span>
     <span class='ocr_line' id='line_1_35' title="bbox 92 3249 1143 3320; baseline -0.01 -12"><span class='ocrx_word' id='word_1_277' title='bbox 92 3265 124 3309; x_wconf 85' lang='lat' dir='ltr'><strong>nt</strong></span> <span class='ocrx_word' id='word_1_278' title='bbox 147 3257 181 3308; x_wconf 86' lang='lat' dir='ltr'><strong>od</strong></span> <span class='ocrx_word' id='word_1_279' title='bbox 201 3257 341 3318; x_wconf 82' lang='lat' dir='ltr'><strong>pedestres</strong></span> <span class='ocrx_word' id='word_1_280' title='bbox 368 3254 472 3317; x_wconf 84' lang='lat' dir='ltr'><strong>pariter</strong></span> <span class='ocrx_word' id='word_1_281' title='bbox 486 3257 568 3320; x_wconf 79' lang='lat' dir='ltr'><strong>etque</strong></span> <span class='ocrx_word' id='word_1_282' title='bbox 588 3254 730 3319; x_wconf 75' lang='lat' dir='ltr'><strong>equestres</strong></span> <span class='ocrx_word' id='word_1_283' title='bbox 749 3250 844 3313; x_wconf 80' lang='lat' dir='ltr'><strong>copias</strong></span> <span class='ocrx_word' id='word_1_284' title='bbox 858 3252 940 3302; x_wconf 81' lang='lat' dir='ltr'><strong>autea</strong></span> <span class='ocrx_word' id='word_1_285' title='bbox 956 3249 1046 3300; x_wconf 85' lang='lat' dir='ltr'><strong>dictas</strong></span> <span class='ocrx_word' id='word_1_286' title='bbox 1064 3250 1143 3299; x_wconf 83' lang='lat' dir='ltr'><strong>reie-</strong></span> 
     </span>
     <span class='ocr_line' id='line_1_36' title="bbox 92 3318 1020 3392; baseline -0.012 -13"><span class='ocrx_word' id='word_1_287' title='bbox 92 3328 188 3392; x_wconf 85' lang='lat' dir='ltr'><strong>rator,</strong></span> <span class='ocrx_word' id='word_1_288' title='bbox 205 3328 334 3388; x_wconf 78' lang='lat' dir='ltr'><strong>postulat.</strong></span> <span class='ocrx_word' id='word_1_289' title='bbox 369 3324 516 3376; x_wconf 81' lang='lat' dir='ltr'><strong>Possivuni</strong></span> <span class='ocrx_word' id='word_1_290' title='bbox 532 3335 601 3376; x_wconf 84' lang='lat' dir='ltr'><strong>vero</strong></span> <span class='ocrx_word' id='word_1_291' title='bbox 619 3322 721 3374; x_wconf 83' lang='lat' dir='ltr'><strong>nullom</strong></span> <span class='ocrx_word' id='word_1_292' title='bbox 739 3319 913 3390; x_wconf 75' lang='lat' dir='ltr'><strong>offensionem</strong></span> <span class='ocrx_word' id='word_1_293' title='bbox 930 3318 1020 3370; x_wconf 84' lang='lat' dir='ltr'><strong>babeo.</strong></span> 
     </span>
    </p>
   </div>
   <div class='ocr_carea' id='block_1_7' title="bbox 91 3403 1189 3823">
    <p class='ocr_par' dir='ltr' id='par_1_10' title="bbox 91 3403 1189 3823">
     <span class='ocr_line' id='line_1_37' title="bbox 128 3403 1189 3470; baseline -0.011 -7"><span class='ocrx_word' id='word_1_294' title='bbox 128 3409 190 3470; x_wconf 73' lang='lat'><strong>§.6</strong></span> <span class='ocrx_word' id='word_1_295' title='bbox 215 3411 377 3470; x_wconf 83' lang='lat' dir='ltr'><strong>Volcarum]</strong></span> <span class='ocrx_word' id='word_1_296' title='bbox 409 3411 467 3466; x_wconf 90' lang='lat' dir='ltr'><strong>cod.</strong></span> <span class='ocrx_word' id='word_1_297' title='bbox 492 3411 572 3461; x_wconf 71' lang='lat' dir='ltr'><strong>lunt.</strong></span> <span class='ocrx_word' id='word_1_298' title='bbox 597 3408 638 3459; x_wconf 76' lang='lat' dir='ltr'><strong>St.</strong></span> <span class='ocrx_word' id='word_1_299' title='bbox 662 3405 738 3470; x_wconf 82' lang='lat' dir='ltr'><strong>Lips.</strong></span> <span class='ocrx_word' id='word_1_300' title='bbox 752 3416 822 3468; x_wconf 78' lang='lat' dir='ltr'><strong>sqq.</strong></span> <span class='ocrx_word' id='word_1_301' title='bbox 854 3404 1012 3468; x_wconf 61' lang='lat' dir='ltr'><strong>Volautttm</strong></span> <span class='ocrx_word' id='word_1_302' title='bbox 1040 3434 1060 3468; x_wconf 86' lang='lat'>„</span> <span class='ocrx_word' id='word_1_303' title='bbox 1068 3403 1144 3454; x_wconf 81' lang='lat' dir='ltr'><strong>MSS.</strong></span> <span class='ocrx_word' id='word_1_304' title='bbox 1186 3448 1189 3465; x_wconf 82' lang='grc'>,</span> 
     </span>
     <span class='ocr_line' id='line_1_38' title="bbox 94 3470 1144 3540; baseline -0.008 -8"><span class='ocrx_word' id='word_1_305' title='bbox 94 3482 155 3532; x_wconf 83' lang='lat' dir='ltr'><strong>iere</strong></span> <span class='ocrx_word' id='word_1_306' title='bbox 168 3476 289 3531; x_wconf 86' lang='lat' dir='ltr'><strong>omnes“</strong></span> <span class='ocrx_word' id='word_1_307' title='bbox 307 3479 422 3540; x_wconf 83' lang='lat' dir='ltr'><strong>(Genii.)</strong></span> <span class='ocrx_word' id='word_1_308' title='bbox 438 3481 495 3534; x_wconf 81' lang='lat' dir='ltr'><strong>lion</strong></span> <span class='ocrx_word' id='word_1_309' title='bbox 515 3479 572 3535; x_wconf 80' lang='lat' dir='ltr'><strong>.A.</strong></span> <span class='ocrx_word' id='word_1_310' title='bbox 590 3477 653 3528; x_wconf 82' lang='lat' dir='ltr'><strong>Por.</strong></span> <span class='ocrx_word' id='word_1_311' title='bbox 666 3473 701 3531; x_wconf 70' lang='grc'><strong>’1.</strong></span> <span class='ocrx_word' id='word_1_312' title='bbox 718 3476 791 3527; x_wconf 78' lang='lat' dir='ltr'><strong>Hau.</strong></span> <span class='ocrx_word' id='word_1_313' title='bbox 803 3477 837 3525; x_wconf 79' lang='lat' dir='ltr'><strong>A.</strong></span> <span class='ocrx_word' id='word_1_314' title='bbox 855 3472 1005 3525; x_wconf 68' lang='lat' dir='ltr'><strong>(icebwb.</strong></span> <span class='ocrx_word' id='word_1_315' title='bbox 1024 3471 1071 3521; x_wconf 85' lang='lat' dir='ltr'><strong>Dr.</strong></span> <span class='ocrx_word' id='word_1_316' title='bbox 1087 3470 1144 3524; x_wconf 82' lang='lat' dir='ltr'><strong>AB.</strong></span> 
     </span>
     <span class='ocr_line' id='line_1_39' title="bbox 92 3539 1142 3606; baseline -0.008 -6"><span class='ocrx_word' id='word_1_317' title='bbox 92 3551 174 3600; x_wconf 87' lang='lat' dir='ltr'><strong>Vrat.</strong></span> <span class='ocrx_word' id='word_1_318' title='bbox 198 3546 280 3599; x_wconf 78' lang='lat' dir='ltr'>ABG.</span> <span class='ocrx_word' id='word_1_319' title='bbox 305 3548 386 3600; x_wconf 79' lang='lat' dir='ltr'><strong>Goth.</strong></span> <span class='ocrx_word' id='word_1_320' title='bbox 404 3550 460 3598; x_wconf 78' lang='lat' dir='ltr'><strong>AB.</strong></span> <span class='ocrx_word' id='word_1_321' title='bbox 513 3547 567 3599; x_wconf 87' lang='lat' dir='ltr'><strong>ind.</strong></span> <span class='ocrx_word' id='word_1_322' title='bbox 593 3544 663 3598; x_wconf 77' lang='lat' dir='ltr'><strong>cl&#39;l.</strong></span> <span class='ocrx_word' id='word_1_323' title='bbox 688 3546 772 3606; x_wconf 81' lang='grc' dir='ltr'><strong>(6ο.)</strong></span> <span class='ocrx_word' id='word_1_324' title='bbox 803 3544 863 3593; x_wconf 89' lang='lat' dir='ltr'><strong>edd.</strong></span> <span class='ocrx_word' id='word_1_325' title='bbox 890 3541 951 3592; x_wconf 86' lang='lat' dir='ltr'><strong>roll.</strong></span> <span class='ocrx_word' id='word_1_326' title='bbox 977 3546 1042 3590; x_wconf 86' lang='lat' dir='ltr'><strong>onte</strong></span> <span class='ocrx_word' id='word_1_327' title='bbox 1066 3539 1142 3601; x_wconf 83' lang='lat' dir='ltr'><strong>bips.</strong></span> 
     </span>
     <span class='ocr_line' id='line_1_40' title="bbox 95 3607 1144 3677; baseline -0.011 -7"><span class='ocrx_word' id='word_1_328' title='bbox 95 3620 252 3670; x_wconf 83' lang='lat' dir='ltr'><strong>Votcorcoe</strong></span> <span class='ocrx_word' id='word_1_329' title='bbox 269 3618 339 3667; x_wconf 69' lang='grc' dir='ltr'><strong>ιον.</strong></span> <span class='ocrx_word' id='word_1_330' title='bbox 357 3617 440 3668; x_wconf 74' lang='lat' dir='ltr'><strong>Febr.</strong></span> <span class='ocrx_word' id='word_1_331' title='bbox 459 3630 477 3670; x_wconf 86' lang='lat' dir='ltr'><strong>a</strong></span> <span class='ocrx_word' id='word_1_332' title='bbox 496 3615 638 3669; x_wconf 75' lang='lat' dir='ltr'><strong>&#39;senentio</strong></span> <span class='ocrx_word' id='word_1_333' title='bbox 656 3616 783 3666; x_wconf 86' lang='lat' dir='ltr'><strong>collatus.</strong></span> <span class='ocrx_word' id='word_1_334' title='bbox 821 3611 977 3677; x_wconf 72' lang='lat' dir='ltr'><strong>Vniporcm</strong></span> <span class='ocrx_word' id='word_1_335' title='bbox 995 3607 1067 3659; x_wconf 83' lang='lat' dir='ltr'><strong>iden</strong></span> <span class='ocrx_word' id='word_1_336' title='bbox 1083 3609 1144 3660; x_wconf 92' lang='lat' dir='ltr'><strong>col-</strong></span> 
     </span>
     <span class='ocr_line' id='line_1_41' title="bbox 92 3677 1142 3752; baseline -0.011 -13"><span class='ocrx_word' id='word_1_337' title='bbox 92 3690 167 3739; x_wconf 88' lang='lat' dir='ltr'><strong>latus</strong></span> <span class='ocrx_word' id='word_1_338' title='bbox 190 3689 225 3736; x_wconf 87' lang='lat' dir='ltr'><strong>ab</strong></span> <span class='ocrx_word' id='word_1_339' title='bbox 246 3685 357 3736; x_wconf 81' lang='lat' dir='ltr'><strong>Heinsio</strong></span> <span class='ocrx_word' id='word_1_340' title='bbox 377 3690 404 3737; x_wconf 88' lang='lat' dir='ltr'><strong>et</strong></span> <span class='ocrx_word' id='word_1_341' title='bbox 422 3687 520 3739; x_wconf 79' lang='lat' dir='ltr'><strong>Homo.</strong></span> <span class='ocrx_word' id='word_1_342' title='bbox 544 3688 678 3752; x_wconf 60' lang='lat' dir='ltr'><strong>,Manus</strong></span> <span class='ocrx_word' id='word_1_343' title='bbox 699 3683 805 3736; x_wconf 81' lang='lat' dir='ltr'><strong>berosi.</strong></span> <span class='ocrx_word' id='word_1_344' title='bbox 831 3680 871 3733; x_wconf 79' lang='lat' dir='ltr'><strong>ad</strong></span> <span class='ocrx_word' id='word_1_345' title='bbox 893 3677 965 3744; x_wconf 72' lang='lat' dir='ltr'><strong>fines</strong></span> <span class='ocrx_word' id='word_1_346' title='bbox 985 3679 1142 3745; x_wconf 74' lang='lat' dir='ltr'><strong>Votporom</strong></span> 
     </span>
     <span class='ocr_line' id='line_1_42' title="bbox 91 3745 1143 3823; baseline -0.01 -15"><span class='ocrx_word' id='word_1_347' title='bbox 91 3752 334 3808; x_wconf 80' lang='lat' dir='ltr'><strong>ocremtecrum“</strong></span> <span class='ocrx_word' id='word_1_348' title='bbox 351 3757 445 3807; x_wconf 84' lang='lat' dir='ltr'><strong>Braot.</strong></span> <span class='ocrx_word' id='word_1_349' title='bbox 465 3756 623 3823; x_wconf 58' lang='lat' dir='ltr'><strong>Belcarum</strong></span> <span class='ocrx_word' id='word_1_350' title='bbox 641 3755 726 3809; x_wconf 82' lang='lat' dir='ltr'><strong>Voss.</strong></span> <span class='ocrx_word' id='word_1_351' title='bbox 739 3751 770 3805; x_wconf 85' lang='grc'><strong>6.</strong></span> <span class='ocrx_word' id='word_1_352' title='bbox 791 3763 844 3805; x_wconf 87' lang='lat' dir='ltr'><strong>on.</strong></span> <span class='ocrx_word' id='word_1_353' title='bbox 860 3748 943 3800; x_wconf 77' lang='lat' dir='ltr'><strong>vind.</strong></span> <span class='ocrx_word' id='word_1_354' title='bbox 957 3748 991 3799; x_wconf 79' lang='lat' dir='ltr'><strong>A.</strong></span> <span class='ocrx_word' id='word_1_355' title='bbox 1017 3745 1062 3799; x_wconf 84' lang='lat' dir='ltr'><strong>cr.</strong></span> <span class='ocrx_word' id='word_1_356' title='bbox 1080 3748 1143 3798; x_wconf 87' lang='lat' dir='ltr'><strong>odn.</strong></span> 
     </span>
    </p>
   </div>
   <div class='ocr_carea' id='block_1_8' title="bbox 93 3816 380 3890">
    <p class='ocr_par' dir='ltr' id='par_1_11' title="bbox 93 3816 380 3890">
     <span class='ocr_line' id='line_1_43' title="bbox 93 3816 380 3890; baseline -0.014 -13"><span class='ocrx_word' id='word_1_357' title='bbox 93 3839 132 3878; x_wconf 83' lang='lat' dir='ltr'><strong>cr.</strong></span> <span class='ocrx_word' id='word_1_358' title='bbox 151 3827 237 3890; x_wconf 75' lang='lat' dir='ltr'><strong>odo,</strong></span> <span class='ocrx_word' id='word_1_359' title='bbox 256 3821 292 3877; x_wconf 82' lang='grc'><strong>24</strong></span> <span class='ocrx_word' id='word_1_360' title='bbox 309 3816 337 3886; x_wconf 81' lang='lat'><strong>§.</strong></span> <span class='ocrx_word' id='word_1_361' title='bbox 355 3828 380 3874; x_wconf 91' lang='grc'><strong>2.</strong></span> 
     </span>
    </p>
   </div>
   <div class='ocr_carea' id='block_1_9' title="bbox 56 3982 1144 4330">
    <p class='ocr_par' dir='ltr' id='par_1_12' title="bbox 56 3982 1144 4330">
     <span class='ocr_line' id='line_1_44' title="bbox 112 3982 1143 4062; baseline -0.014 -15"><span class='ocrx_word' id='word_1_362' title='bbox 112 3993 173 4057; x_wconf 72' lang='lat'><strong>§.5</strong></span> <span class='ocrx_word' id='word_1_363' title='bbox 192 3993 256 4062; x_wconf 80' lang='lat' dir='ltr'><strong>iiis]</strong></span> <span class='ocrx_word' id='word_1_364' title='bbox 272 4007 313 4045; x_wconf 83' lang='lat' dir='ltr'><strong>sc.</strong></span> <span class='ocrx_word' id='word_1_365' title='bbox 329 3993 465 4058; x_wconf 79' lang='lat' dir='ltr'><strong>equitibus</strong></span> <span class='ocrx_word' id='word_1_366' title='bbox 479 4005 497 4044; x_wconf 89' lang='lat' dir='ltr'><strong>a</strong></span> <span class='ocrx_word' id='word_1_367' title='bbox 509 3993 582 4044; x_wconf 85' lang='lat' dir='ltr'><strong>Ver-</strong></span> <span class='ocrx_word' id='word_1_368' title='bbox 675 3990 701 4050; x_wconf 76' lang='lat' dir='ltr'><strong>s.</strong></span> <span class='ocrx_word' id='word_1_369' title='bbox 720 3993 738 4040; x_wconf 91' lang='grc'><strong>6</strong></span> <span class='ocrx_word' id='word_1_370' title='bbox 765 3983 866 4054; x_wconf 83' lang='lat' dir='ltr'><strong>pagos]</strong></span> <span class='ocrx_word' id='word_1_371' title='bbox 894 3983 939 4044; x_wconf 81' lang='grc'><strong>61.</strong></span> <span class='ocrx_word' id='word_1_372' title='bbox 963 3985 1026 4036; x_wconf 81' lang='lat' dir='ltr'><strong>adu.</strong></span> <span class='ocrx_word' id='word_1_373' title='bbox 1053 3985 1088 4036; x_wconf 84' lang='lat' dir='ltr'><strong>od</strong></span> <span class='ocrx_word' id='word_1_374' title='bbox 1115 3982 1143 4050; x_wconf 87' lang='lat'><strong>1,</strong></span> 
     </span>
     <span class='ocr_line' id='line_1_45' title="bbox 60 4060 964 4130; baseline -0.006 -14"><span class='ocrx_word' id='word_1_375' title='bbox 60 4063 230 4128; x_wconf 79' lang='lat' dir='ltr'><strong>cingetorige</strong></span> <span class='ocrx_word' id='word_1_376' title='bbox 265 4076 358 4115; x_wconf 87' lang='lat' dir='ltr'><strong>eorum</strong></span> <span class='ocrx_word' id='word_1_377' title='bbox 389 4077 424 4116; x_wconf 86' lang='lat' dir='ltr'><strong>ex</strong></span> <span class='ocrx_word' id='word_1_378' title='bbox 458 4072 581 4130; x_wconf 85' lang='lat' dir='ltr'><strong>numero,</strong></span> <span class='ocrx_word' id='word_1_379' title='bbox 623 4061 657 4112; x_wconf 79' lang='lat' dir='ltr'><strong>ta</strong></span> <span class='ocrx_word' id='word_1_380' title='bbox 675 4060 702 4121; x_wconf 76' lang='lat' dir='ltr'><strong>S·</strong></span> <span class='ocrx_word' id='word_1_381' title='bbox 723 4061 751 4112; x_wconf 88' lang='grc'><strong>2.</strong></span> <span class='ocrx_word' id='word_1_382' title='bbox 962 4089 964 4101; x_wconf 88' lang='lat'>·</span> 
     </span>
     <span class='ocr_line' id='line_1_46' title="bbox 56 4121 1144 4201; baseline -0.013 -17"><span class='ocrx_word' id='word_1_383' title='bbox 56 4145 127 4197; x_wconf 79' lang='lat' dir='ltr'><strong>quos</strong></span> <span class='ocrx_word' id='word_1_384' title='bbox 152 4146 246 4184; x_wconf 85' lang='lat' dir='ltr'><strong>secum</strong></span> <span class='ocrx_word' id='word_1_385' title='bbox 270 4135 402 4201; x_wconf 77' lang='lat' dir='ltr'><strong>nocebat,</strong></span> <span class='ocrx_word' id='word_1_386' title='bbox 426 4135 461 4186; x_wconf 87' lang='lat' dir='ltr'><strong>ad</strong></span> <span class='ocrx_word' id='word_1_387' title='bbox 477 4132 582 4196; x_wconf 81' lang='lat' dir='ltr'><strong>pedites</strong></span> <span class='ocrx_word' id='word_1_388' title='bbox 675 4127 703 4190; x_wconf 82' lang='lat' dir='ltr'><strong>s.</strong></span> <span class='ocrx_word' id='word_1_389' title='bbox 720 4130 739 4181; x_wconf 85' lang='lat'><strong>7</strong></span> <span class='ocrx_word' id='word_1_390' title='bbox 756 4121 936 4192; x_wconf 79' lang='lat' dir='ltr'><strong>Allobrogas]</strong></span> <span class='ocrx_word' id='word_1_391' title='bbox 960 4121 1004 4177; x_wconf 81' lang='lat' dir='ltr'><strong>ct.</strong></span> <span class='ocrx_word' id='word_1_392' title='bbox 1021 4122 1085 4174; x_wconf 83' lang='lat' dir='ltr'><strong>adn.</strong></span> <span class='ocrx_word' id='word_1_393' title='bbox 1104 4133 1144 4171; x_wconf 84' lang='lat' dir='ltr'><strong>cr·</strong></span> 
     </span>
     <span class='ocr_line' id='line_1_47' title="bbox 57 4194 1089 4330; baseline -0.013 -74"><span class='ocrx_word' id='word_1_394' title='bbox 57 4205 209 4268; x_wconf 79' lang='lat' dir='ltr'><strong>imperatos</strong></span> <span class='ocrx_word' id='word_1_395' title='bbox 227 4201 335 4255; x_wconf 78' lang='lat' dir='ltr'><strong>aulide.</strong></span> <span class='ocrx_word' id='word_1_396' title='bbox 570 4217 573 4223; x_wconf 91' lang='lat'>·</span> <span class='ocrx_word' id='word_1_397' title='bbox 624 4199 659 4250; x_wconf 84' lang='lat' dir='ltr'><strong>od</strong></span> <span class='ocrx_word' id='word_1_398' title='bbox 677 4196 711 4264; x_wconf 88' lang='lat'><strong>1,</strong></span> <span class='ocrx_word' id='word_1_399' title='bbox 729 4194 765 4249; x_wconf 81' lang='lat' dir='ltr'><strong>tt</strong></span> <span class='ocrx_word' id='word_1_400' title='bbox 780 4195 809 4258; x_wconf 72' lang='lat' dir='ltr'><strong>s.</strong></span> <span class='ocrx_word' id='word_1_401' title='bbox 826 4199 942 4330; x_wconf 62' lang='lat' dir='ltr'><strong>ow</strong></span> <span class='ocrx_word' id='word_1_402' title='bbox 1086 4214 1089 4221; x_wconf 63' lang='grc'><strong><em>»</em></strong></span> 
     </span>
    </p>
   </div>
   <div class='ocr_carea' id='block_1_10' title="bbox 0 0 1354 4726">
    <p class='ocr_par' dir='ltr' id='par_1_13' title="bbox 0 0 1354 4726">
     <span class='ocr_line' id='line_1_48' title="bbox 0 0 1354 4726; baseline 0 4"><span class='ocrx_word' id='word_1_403' title='bbox 0 0 1354 4726; x_wconf 95' lang='lat' dir='ltr'><strong> </strong></span> 
     </span>
    </p>
   </div>
  </div>
 </body>
</html>
