2700 4726
145 309 213 384 olo
418 306 704 379 DUELLO
734 307 986 381 nautico

38 560 42 565 .
109 498 277 570 Blenitor
299 498 422 565 declivi
443 506 557 564 cestre
580 499 740 566 fecerant.
788 495 882 564 Haeo
906 495 947 566 G.
973 493 1153 563 Antistius
1174 494 1244 562 Re·

153 589 254 677 ginua
269 595 306 654 et
321 585 362 656 G.
376 585 540 657 Caninius
554 585 716 667 Rebilus,
740 586 863 671 legati,
886 607 960 650 eum
983 582 1114 650 duabus
1130 583 1245 669 legio·

118 830 123 841 ,
223 775 336 837 leniter]
355 777 463 829 leviter
486 778 589 843 „ilisa
608 779 671 829 ilrs.
691 778 743 836 (V.
757 775 788 826 c.
806 779 882 834 Not.)
900 775 993 826 lirant
1012 778 1039 823 et
1056 773 1089 825 11
1108 773 1164 825 mel
1184 786 1246 824 cum

188 848 256 900 illd.
276 843 427 909 quibusd.“
445 846 526 897 Voss.
541 843 573 896 Α.
591 848 669 911 Egm.
688 849 758 900 Lov.
776 846 861 898 cond.
881 844 961 908 lloog.
975 842 1007 893 Α.
1026 842 1090 895 l’ar.
1106 848 1140 895 A.
1159 847 1246 896 ileon.

187 917 236 968 Dr.
250 916 306 965 Ab.
330 917 412 968 Vrat.
428 911 507 969 ABG.
532 916 614 970 Gotb.
634 918 662 967 ll.
680 917 776 968 llsmb.
793 916 846 966 (ιιι.
864 914 947 964 Vind.
965 913 1011 965 Gl.
1032 913 1088 967 inc.
1107 925 1167 964 sec.
1184 913 1246 965 Elia

186 986 226 1036 sc.
243 986 291 1036 cr.
306 985 332 1033 b.
364 983 408 1036 cr.
426 989 460 1052 2,
477 984 496 1034 r
515 982 542 1046 s.
560 986 586 1035 ι.
609 988 643 1036 zo
661 985 688 1046 s.
709 990 734 1037 2.
757 986 792 1048 7,
810 986 843 1033 re
862 982 886 1044 §-
906 984 932 1032 1.

226 1071 368 1131 fecerant]
386 1072 456 1121 And.
474 1070 527 1121 01.
543 1071 572 1120 Ι.
591 1070 668 1125 bold.
688 1072 723 1121 Δ.
744 1070 815 1120 llav.
827 1069 861 1117 A.
879 1068 948 1119 oud.
975 1067 1073 1132 fecere
1090 1067 1181 1117 Haen.
1200 1067 1246 1132 fe·

168 1158 296 1208 'ceant
325 1157 424 1219 reliqui
445 1156 523 1207 coen.
550 1156 578 1206 n
601 1154 689 1219 nque
709 1154 790 1207 vinc.
807 1156 840 1205 s.
868 1136 970 1218 (rocci
983 1154 1066 1215 eong.
1085 1156 1118 1205 s.
1139 1152 1196 1211 rr.)
1220 1153 1247 1201 er

189 1227 251 1276 edd.
264 1232 328 1276 aute
343 1227 411 1277 oud.
446 1226 507 1277 lias
522 1224 706 1288 Nipperdelus
724 1225 754 1273 ut
774 1223 801 1274 ln
821 1222 985 1274 necessario
1003 1229 1115 1272 secutus
1134 1220 1161 1270 iu
1179 1220 1247 1287 quic

189 1297 282 1345 tamen
307 1294 429 1345 deseruit
456 1298 485 1345 et
509 1293 642 1356 integram
667 1290 765 1355 optimi
789 1292 892 1344 codicis
914 1290 1078 1350 scripturam
1097 1290 1139 1339 sic
1159 1289 1247 1339 inter·

189 1373 318 1427 punctam
343 1363 478 1415 exhibuit:
512 1363 609 1425 collis,
643 1375 725 1426 quem
747 1365 873 1425 propter
890 1386 926 1397 —
942 1362 1055 1411 nostri:
1082 1359 1247 1411 necessario

165 1464 168 1471 ,
189 1445 281 1496 poene
300 1456 336 1468 -
354 1435 500 1500 fecerunt.
537 1434 613 1492 onae
632 1433 657 1480 si
676 1432 716 1482 lta
733 1431 912 1494 intelligenda
929 1439 1010 1492 sunt,
1034 1432 1063 1479 ut
1079 1429 1245 1490 interpretes

192 1501 252 1552 elus
271 1502 429 1562 seyrerrus
453 1505 480 1552 et
498 1502 640 1550 Kranerus
663 1500 724 1562 ipso
747 1502 855 1550 tecente
878 1501 1077 1562 demonstrant,
1103 1501 1174 1549 banc
1196 1511 1246 1549 ne·

189 1570 349 1621 cessitatem
370 1570 500 1624 Romanis
525 1583 558 1619 eo
575 1569 726 1630 impositam
744 1580 824 1634 esse,
847 1571 916 1632 quod
942 1569 1040 1618 collem
1064 1567 1141 1618 illum
1160 1579 1244 1629 opere

186 1640 374 1700 circumplecti
398 1653 450 1692 non
475 1638 643 1702 potuissent,
676 1638 755 1699 idque
775 1639 911 1700 asyndeto
934 1637 1101 1702 significari,
1131 1637 1258 1697 prinum,

188 1721 245 1759 non
269 1719 405 1772 apparet,
430 1720 481 1759 cur
503 1709 531 1758 ln
556 1709 626 1758 colle
653 1707 778 1770 quamvis
804 1706 896 1769 magni
920 1707 1051 1757 circuitus
1068 1707 1160 1770 iniquo
1186 1708 1247 1757 loco

188 1776 251 1840 ponl
270 1786 365 1829 castra
381 1789 497 1828 necesse
513 1777 614 1839 inerit3
641 1778 712 1840 quod
730 1776 817 1838 ipsum
837 1776 923 1838 lecit,
942 1785 971 1825 ut
990 1776 1057 1840 quio
1072 1775 1145 1825 luter
1162 1788 1245 1840 quem

187 1849 218 1897 et
237 1848 363 1909 propter
389 1847 519 1896 insertum
545 1845 656 1908 probari
682 1850 814 1908 nequeat;
845 1846 942 1895 delude
971 1844 1101 1905 temporis
1123 1844 1245 1910 mrrtutlo,

189 1914 268 1965 cuius
292 1916 348 1966 vim
368 1918 443 1966 recte
466 1916 592 1967 declarat
609 1916 750 1968 lirnuerus
776 1916 914 1982 fecerunt
938 1913 1114 1965 enuntiationi
1134 1914 1247 1966 absolu-

189 1992 235 2035 tae
259 1987 347 2047 magis
373 1982 522 2035 convenire
548 1985 649 2034 docens
673 1985 734 2042 (fur
757 1985 802 2034 die
826 1983 1036 2046 selbststaudlge
1054 1982 1182 2046 Fassuug
1199 1984 1246 2033 des

187 2054 290 2104 salnes
309 2054 347 2105 ist
364 2057 433 2106 auch
452 2054 503 2104 das
520 2053 596 2104 Peri.
615 2053 753 2118 fecerant
774 2063 1007 2117 angemesscner,
1029 2054 1072 2102 als
1095 2052 1246 2129 fecerant)

189 2121 221 2173 in
238 2133 283 2185 re,
309 2134 380 2184 quae
397 2121 505 2173 minime
523 2135 572 2186 per
590 2134 621 2170 so
640 2126 797 2185 concuret,
824 2125 872 2172 sed
891 2122 999 2172 aliunde
1019 2122 1169 2188 penderet,
1186 2123 1246 2172 iue-

189 2193 254 2256 pta‚
274 2198 304 2242 ct
321 2194 372 2244 bac
389 2204 425 2242 ex
441 2193 520 2254 parte
537 2189 681 2243 editionum
699 2196 763 2243 aute
778 2191 846 2241 our.
864 2191 1002 2253 scriptura
1021 2190 1188 2251 probabilior
1206 2193 1246 2241 est

189 2261 260 2325 bac,
279 2271 350 2323 quae
369 2260 437 2327 quie
454 2259 646 2311 coniunctione
664 2262 750 2312 cerei.
785 2261 878 2323 Neque
898 2274 965 2312 vero
982 2260 1055 2310 alius
1072 2273 1174 2310 seusus
1191 2272 1246 2309 me-

188 2327 243 2378 llor
260 2341 295 2378 ex
312 2329 407 2391 optimi
424 2331 526 2380 codicis
545 2329 662 2381 lectione
679 2331 740 2380 erui
761 2332 867 2394 potest,
884 2342 946 2378 cum
963 2329 1003 2395 is,
1029 2341 1107 2390 quem
1128 2329 1244 2380 alterius

187 2398 300 2460 generis
317 2400 402 2451 lectio
420 2399 454 2448 ab
473 2398 542 2448 oud.
560 2407 673 2461 recepta
690 2401 819 2463 praebet,
842 2398 942 2463 optime
959 2406 988 2449 et
1005 2399 1088 2450 rebus
1104 2402 1134 2451 et
1154 2398 1245 2450 verbis

191 2468 365 2527 respondeat.
399 2466 471 2516 Vide
489 2465 539 2515 int.

224 2548 252 2610 S.
273 2554 290 2600 3
309 2550 430 2611 duabus]
454 2549 484 2600 ll
502 2549 583 2608 (Par.
600 2551 650 2611 A.)
667 2550 730 2603 nli.
746 2553 772 2602 b.
791 2551 865 2614 [ripe.
885 2565 943 2616 sqq.

154 2735 241 2798 ⁶⁹‚b
259 2732 356 2801 etit,
374 2738 389 2789 1
409 2735 535 2789 delinitae
553 2740 681 2788 constare
724 2748 791 2790 vero
824 2750 946 2789 sumnus
981 2739 1060 2789 collis
1091 2741 1246 2802 despectum

154 2802 284 2870 ridetur,
327 2819 379 2858 uec
416 2806 680 2858 circumvallatlonls
724 2809 855 2860 eiusmodi
872 2821 925 2859 uon
950 2810 1076 2875 heberet,
1103 2811 1186 2872 paulo
1203 2809 1246 2858 iu-

153 2872 236 2925 brius
251 2887 317 2936 pars
337 2889 387 2942 eu,
412 2888 482 2940 quae
500 2876 534 2927 ud
554 2875 679 2938 oppidum
723 2877 811 2928 ierius
828 2883 856 2928 el
874 2879 907 2928 ob
925 2877 952 2927 id
972 2878 1059 2938 ipsum
1078 2891 1170 2942 poene
1188 2879 1247 2928 ini-

154 2944 310 3008 spectaret‚
341 2954 419 3009 quem
445 2959 524 2996 usum
549 2946 680 2997 Romame
723 2960 779 3013 quo
802 2949 865 2998 loco
890 2948 1012 3007 ponenda
1035 2948 1153 2998 fueraut.
1189 2947 1247 2997 lui-

154 3011 290 3063 edversus
307 3016 469 3066 exteriorem
482 3017 584 3066 bostem
598 3025 681 3077 prae·
722 3017 814 3079 quitos
836 3021 928 3066 autem
952 3014 1007 3067 loci
1031 3029 1084 3067 non
1103 3028 1154 3081 eo,
1176 3017 1246 3080 quod

154 3082 220 3132 bere
244 3083 377 3150 potuerit,
401 3084 570 3148 intelligitur.
611 3086 680 3136 Nam
723 3085 751 3135 lu
766 3087 846 3147 pleno
870 3085 931 3149 poni
950 3098 1005 3136 non
1024 3085 1190 3150 potuissent,
1219 3086 1247 3136 ld

154 3151 229 3214 quod
252 3150 449 3203 Guiscberdtus
469 3167 496 3218 p.
517 3152 567 3204 172
593 3165 681 3218 opere
724 3156 794 3217 quod
823 3167 883 3205 cum
908 3155 1020 3218 reliquis
1045 3156 1147 3206 cestris
1173 3168 1248 3207 com·

154 3219 354 3283 circumplecti
384 3223 485 3274 collem
513 3234 609 3273 rursus
636 3223 681 3273 in·
724 3236 805 3275 mune
828 3225 979 3287 iubebant,
1005 3227 1053 3275 sed
1072 3237 1106 3275 eo
1123 3226 1247 3276 coutine-

153 3291 324 3351 terpretatur
343 3303 392 3352 per
410 3304 541 3341 summum
559 3292 619 3341 eius
635 3292 680 3342 in·
724 3296 820 3353 batur,
855 3294 924 3356 quod
953 3295 1070 3353 desuper
1093 3292 1247 3357 oppugnari

154 3370 220 3422 gum
253 3359 315 3408 slve
350 3371 482 3411 cacumen
517 3360 679 3412 munitiones
723 3365 863 3425 poterent,
895 3364 965 3426 quod
995 3363 1109 3426 reliquls
1135 3368 1248 3428 propter

154 3429 306 3487 perducere
330 3428 417 3485 (inire
441 3440 540 3490 passer
567 3432 610 3479 les
634 3443 678 3480 re·
723 3431 884 3482 munitiones
917 3432 1032 3483 collibus
1062 3434 1246 3485 circumdatas

153 3499 345 3547 traucberueus
368 3500 536 3548 tu-dessus
565 3500 600 3549 de
629 3510 680 3550 son
724 3501 867 3551 timendum
884 3504 1017 3554 uouerat.
1047 3502 1098 3553 Cui
1112 3502 1180 3554 vitio
1194 3500 1246 3552 etsi

154 3569 281 3624 somniet)
306 3579 357 3616 uec
381 3567 459 3616 verbi
482 3567 680 3630 circumplecti
723 3572 803 3632 plene
828 3571 930 3621 mederi
954 3575 1105 3623 castrorum
1127 3574 1245 3624 mereto-

153 3646 205 3684 uec
228 3635 344 3686 nominis
367 3635 512 3688 circuitur
536 3637 677 3701 significa·
722 3653 769 3689 res
790 3651 844 3690 uon
863 3646 1020 3707 potuerant,
1044 3650 1135 3692 tamen
1159 3652 1245 3704 quan-

125 3762 127 3769 Α
153 3700 220 3752 tioul
239 3704 376 3755 convenit.
720 3714 776 3759 tum
794 3718 904 3776 posset,
923 3723 1064 3763 occursum
1078 3712 1113 3761 ab
1129 3710 1167 3762 iis
1183 3722 1245 3761 esse

206 3774 432 3838 necessarioque]
468 3774 564 3836 partim
597 3775 677 3826 collis
721 3782 932 3831 consentaneum
950 3788 1000 3830 est.
1037 3775 1135 3843 ltaque
1153 3792 1244 3844 paene

151 3840 268 3906 natura,
287 3845 384 3903 partim
404 3845 555 3897 castrorum
573 3857 677 3908 pouen·
721 3845 812 3910 iniquo
832 3851 892 3900 loco
917 3848 1018 3899 iecisse
1035 3853 1130 3900 castra
1149 3848 1246 3900 dicun·

152 3909 247 3959 dorum
265 3911 372 3964 ratione
391 3912 430 3964 ita
448 3914 562 3964 terente.
602 3915 677 3974 onae
719 3918 781 3978 tort
818 3921 889 3980 quod
924 3919 1084 3970 adverbium
1114 3918 1244 3972 cloelius

153 3977 178 4027 sl
197 3979 353 4038 despectum
378 3981 408 4032 in
425 3982 563 4041 planitiem
582 3991 609 4032 et
632 3982 676 4033 lu·
719 3986 791 4036 male
814 3988 922 4040 adiecto
942 3999 1076 4040 commate
1095 3991 1129 4041 ad
1151 3989 1244 4051 proxi·
1279 4002 1281 4006 ·

152 4045 268 4097 teriones
296 4049 459 4099 munitiones
488 4064 541 4104 non
563 4052 677 4101 bebuls-
718 4066 761 4104 me
773 4057 941 4117 praecedens
954 4059 1058 4122 retulit,
1070 4058 1244 4124 llerliuglrie·

151 4118 233 4181 mut,
257 4126 409 4180 opportuno
432 4120 496 4172 loeo
513 4121 604 4183 posite
620 4120 676 4172 dici
719 4123 778 4174 rius
805 4124 945 4178 immodice
971 4127 1064 4178 anxit:
1098 4128 1156 4180 lter
1180 4129 1243 4181 llo·

150 4187 227 4239 aot
250 4185 313 4250 Η
337 4198 391 4242 non
415 4189 583 4257 potuuseut3
615 4204 677 4246 cnm
718 4194 944 4252 macerent
969 4197 1123 4265 &serait
1140 4208 1243 4266 norme
