2700 4726
429 299 531 372 mn.
556 300 637 371 vn.
681 298 797 375 cnr.
821 304 893 372 n.
1127 303 1194 372 aaa
1231 386 1235 393 .
1299 395 1303 401 ᾗ

108 506 220 593 omnes
240 484 369 553 cotidie
390 486 436 594 ab
458 489 633 597 eqnitilpne
656 489 891 643 delerifoese.
933 485 1194 594 Praetoreauea·
1213 498 1235 562 5

76 618 79 623 -
111 578 187 643 lune
215 596 321 641 cansa
350 597 400 643 uer
427 578 609 645 familiaris
637 600 766 646 commo
793 602 811 646 a
839 576 1062 663 neglegenda:
1099 599 1193 645 uroos

75 754 79 777 1
115 674 207 753 atque
229 662 386 729 aedificia
406 663 542 733 incendi
564 677 723 757 oportere
743 667 806 733 hoc
829 664 941 754 e'patio
962 689 982 731 a
1002 665 1088 733 Boia
1110 687 1195 753 qno·

171 837 323 906 equltiltus]
353 839 488 906 equitata
506 842 556 894 ΒΧ.
574 842 652 895 [leid.
670 844 705 893 Α.
723 843 797 895 flav.
816 843 850 892 Α.
867 840 950 894 Vind.
969 843 1004 893 A·
1020 841 1195 908 equitatibus

142 910 211 963 Van.
230 911 290 961 cde.
308 911 342 958 de
360 924 413 975 quo
430 909 499 961 dixit
516 912 583 962 0ud.
600 915 635 963 ad
651 916 678 979 6,
697 913 715 964 7
731 913 758 975 S.
777 915 803 962 3.
1073 962 1076 972 ,

172 978 424 1041 deleri1'And.01.
442 979 491 1031 Co.
506 984 534 1032 s,
553 982 611 1032 Pet.
624 982 688 1032 Par.
705 985 734 1032 Β.
751 982 823 1034 llav.
836 975 867 1028 Α.
883 980 965 1031 Vind.
981 981 1015 1030 A.
1031 977 1089 1027 cod.
1101 977 1195 1037 acopo.

143 1061 195 1099 sec.
213 1048 322 1101 llotom.
338 1045 402 1099 Ald.
418 1049 463 1099 ab.
482 1051 529 1100 Gr.
548 1062 574 1101 a.
593 1051 623 1100 P.
640 1054 715 1101 Man.
734 1053 812 1102 Torr.
830 1049 905 1111 Llps.
923 1062 983 1116 sqq.
1000 1047 1098 1098 delere
1117 1046 1195 1097 leid.

144 1120 174 1167 Δ.
199 1118 289 1182 delipt
309 1118 384 1168 Geta.
407 1119 490 1169 Voss.
510 1118 542 1171 c.
563 1120 645 1184 dilipi
662 1121 695 1167 Ν.
713 1122 795 1171 voss.
816 1113 858 1169 Cl.
876 1120 961 1181 Βοῦς.
983 1115 1017 1168 Α.
1035 1117 1121 1166 Voss.
1136 1114 1195 1166 All.

144 1188 207 1239 [ιον.
225 1189 303 1249 ltgm.
322 1186 385 1237 Par.
403 1185 437 1239 Α.
461 1189 508 1238 Dr.
526 1190 559 1237 Δ.
577 1190 657 1239 Vrat.
676 1191 708 1238 Α.
727 1189 781 1240 (lo.
800 1187 894 1254 dillipl
912 1188 1006 1238 llamb.
1026 1184 1117 1251 diripi
1134 1183 1195 1234 Ort.

146 1257 219 1306 laeid.
236 1254 271 1305 Ο.
294 1256 342 1305 Dr.
360 1256 391 1304 ll.
414 1253 495 1307 Vrat.
514 1258 544 1304 Β.
562 1257 615 1306 inc.
635 1257 725 1321 diripi
746 1259 850 1323 „Mola
867 1253 913 1306 4“
931 1259 963 1306 Β.
981 1256 1066 1317 Bong.
1085 1251 1116 1304 C.
1134 1253 1195 1303 Pal.

146 1326 203 1376 cod.
220 1318 304 1378 Torr.
322 1325 402 1377 Vrat.
420 1323 451 1374 c.
472 1325 552 1377 Goth.
569 1327 599 1378 Β.
617 1328 700 1377 vind.
716 1326 795 1379 ΒΒΒ.
813 1326 875 1375 edd.
892 1327 955 1374 ante
974 1325 1034 1374 Ald.
1053 1325 1140 1375 vaso.
1154 1324 1194 1373 st.
1274 1370 1278 1377 .

146 1395 193 1445 (ir.
209 1395 235 1444 ll.
252 1389 367 1459 (Frell.)
385 1405 479 1457 margo
496 1395 547 1444 ar.
567 1409 593 1449 a.
613 1408 661 1458 pro
674 1409 735 1450 var.
752 1398 816 1447 lect.
830 1393 942 1458 dirrtpe'
954 1393 1038 1443 vind.
1052 1390 1084 1443 C.
1098 1390 1197 1456 deripi

72 1476 76 1491 ·
145 1474 235 1527 margo
259 1460 300 1512 cl.
326 1464 369 1513 Ex
387 1461 428 1511 liis
446 1464 540 1514 deleri
559 1478 640 1514 nuum
661 1465 832 1526 aptissimum
850 1477 914 1514 esse
936 1462 1028 1526 liquet.
1063 1463 1197 1523 nxempla

145 1532 201 1582 eloe
217 1531 297 1583 verbi
313 1545 349 1582 ex
365 1531 408 1581 his
426 1533 627 1583 commentariis
642 1536 729 1597 petita
744 1534 899 1583 l'reundius
914 1531 941 1580 lu
959 1532 1062 1584 hexico
1081 1539 1108 1579 ct
1127 1531 1197 1580 liel-

145 1600 203 1651 llos
219 1602 248 1652 ln
265 1602 328 1654 ado.
343 1603 382 1663 ¹ad
400 1603 425 1650 Ιι.
440 1603 460 1654 l.
479 1602 615 1668 exhibent,
636 1604 732 1665 quibos
748 1603 817 1652 adde
827 1601 854 1667 8,
872 1601 906 1653 28
921 1599 948 1660 S.
961 1603 978 1652 5
990 1601 1102 1653 delendi
1114 1600 1196 1665 equi·
1220 1604 1227 1620 ¹

145 1671 223 1721 tutuo
242 1668 343 1720 nostri
358 1670 441 1721 aucti
458 1671 637 1722 occasionem
654 1673 829 1723 eliderentur
847 1679 875 1720 et
895 1671 930 1720 io.
948 1672 998 1736 ³7,
1019 1673 1035 1721 1
1054 1672 1197 1721 caterno-

145 1752 197 1806 pue
216 1737 299 1790 doale
316 1739 421 1790 deleto.
456 1744 550 1803 Neque
567 1741 605 1803 id,
622 1743 692 1804 quod
708 1739 822 1792 alterius
840 1738 950 1803 generis
966 1739 1074 1790 codices
1089 1740 1197 1802 labent,

144 1808 229 1875 dilipl,
246 1811 302 1859 tam
321 1807 454 1858 dissimile
470 1809 512 1859 illi
530 1819 582 1871 est,
599 1817 629 1859 ut
646 1811 719 1860 allud
736 1809 800 1873 qnid
813 1809 944 1870 scriptum
963 1802 1205 1860 accesereasse·

119 1880 128 1897 ⁰
145 1878 229 1929 videri
248 1878 357 1942 debeat,
375 1880 594 1940 quemadmodum
612 1879 757 1936 videbatur
774 1877 970 1943 Oudendorpio‚
989 1879 1067 1935 velut
1082 1876 1198 1942 discidi,

144 1946 219 2013 uidi,
236 1945 333 2014 delict,
350 1947 458 2015 accipi,
475 1960 590 2011 quorum
602 1937 713 1998 tertium
731 1946 847 2009 arripuit
864 1946 1016 1996 ananelus.
1052 1947 1121 1995 Nam
1136 1959 1151 1997 e
1169 1951 1199 1997 et

145 2016 201 2067 llo
219 2017 337 2065 vetustte
352 2015 450 2080 libris,
476 2018 507 2065 ut
524 2017 552 2066 iu
569 2016 660 2066 Plauti
679 2016 772 2066 codice
789 2018 947 2078 decurtato,
973 2025 1059 2078 saepe
1077 2015 1198 2065 discerni

69 2112 73 2123 ·
145 2096 196 2137 non
215 2088 341 2148 possunt.
374 2084 454 2151 nto,
472 2085 507 2136 18
524 2083 551 2144 S.
570 2085 585 2133 1
603 2097 652 2146 pro
671 2084 778 2150 delepit
793 2084 821 2133 in
840 2084 892 2134 Ox.
911 2083 1040 2144 scriplum
1059 2085 1103 2132 est
1122 2083 1198 2134 diri-

145 2155 195 2221 pit.
229 2155 326 2217 ltaque
345 2165 400 2203 ona
415 2154 507 2204 littera
522 2156 627 2206 mutata
645 2154 739 2204 deleri
757 2152 849 2203 abibat
867 2153 895 2202 io
913 2151 1006 2218 dilipi.
1042 2154 1119 2213 Quod
1133 2156 1197 2202 onte

146 2226 242 2275 eldam
265 2223 408 2285 vulgatum
431 2228 492 2274 erat
508 2223 614 2288 diripi,
644 2222 672 2273 id
696 2235 750 2272 non
768 2226 873 2276 tantum
892 2223 1047 2287 ostendere,
1068 2231 1198 2285 qnantum

144 2304 211 2355 opos
229 2290 276 2355 sit,
295 2298 372 2341 recte
390 2297 481 2340 monet
498 2288 627 2341 lleldius:
645 2292 712 2342 illud
729 2290 817 2343 minus
833 2300 910 2341 recte
928 2290 1033 2358 statuit,
1055 2303 1090 2340 ex
1107 2292 1198 2356 diripi

144 2365 216 2412 lactu
262 2373 325 2413 esee
342 2358 441 2425 diripi,
459 2362 552 2428 calepi,
572 2360 678 2427 delipi5
697 2373 767 2426 quae
784 2361 874 2412 omnia
891 2373 975 2411 sensu
988 2359 1112 2412 carentia
1124 2362 1199 2412 anti-
1234 2416 1237 2420 Δ

145 2432 238 2495 quiora
276 2431 302 2479 lo
323 2429 505 2481 existimanda
525 2438 599 2482 eunt.
855 2428 858 2433 “

176 2501 203 2563 S.
223 2502 240 2550 5
257 2501 322 2560 loc]
346 2498 400 2548 ltoc
416 2502 462 2551 est
479 2501 520 2549 lu.
539 2500 589 2549 Gr.
608 2500 679 2550 Dav.
699 2506 808 2567 tacente
827 2499 910 2550 Fabr.
930 2511 1043 2563 qoorum
1061 2500 1198 2561 posterius

145 2581 239 2621 errore
256 2569 419 2632 typographi
436 2569 543 2620 illatum
561 2581 626 2619 esse
644 2568 825 2631 probabiliter
844 2567 1001 2650 suspicatur
1018 2568 1161 2620 clarklus.

178 2667 197 2705 a
218 2655 300 2713 Boia]
322 2666 341 2705 u
362 2652 434 2716 lopo
452 2654 550 2704 flama.
567 2653 651 2704 obuio
668 2655 740 2704 ven.
760 2666 786 2704 e.
805 2653 840 2704 ab
857 2656 904 2705 oio
922 2652 1046 2713 (onrado)
1065 2656 1113 2711 Dr.
1132 2657 1163 2705 Β.
1178 2671 1199 2708 a

147 2724 215 2775 tora
240 2725 298 2774 Ort
317 2722 397 2772 naor.
413 2722 504 2773 obora
521 2723 602 2773 Vrat.
621 2724 652 2773 Β.
675 2724 710 2773 ab
725 2733 780 2773 ura
797 2724 855 2774 Ort.
873 2724 942 2775 oud.
963 2724 1042 2773 Laid.
1061 2725 1092 2778 c,
1114 2725 1198 2777 vind.

109 2830 113 2839 ,
146 2794 176 2845 c.
197 2794 252 2843 inc.
276 2808 296 2843 a
319 2791 393 2843 loru
418 2793 496 2844 held.
515 2791 545 2848 Β,
580 2793 614 2843 ln
635 2787 715 2844 Vind.
733 2793 767 2842 A.
786 2793 877 2843 omnia
897 2793 970 2842 inter
986 2795 1092 2847 salutis
1109 2806 1200 2846 causa

147 2871 174 2913 et
196 2863 282 2913 adire
306 2874 390 2924 posse
408 2863 498 2924 posita
517 2863 550 2909 olo
568 2863 799 2912 homoeoteleuton
817 2862 986 2911 exciderunt.
1005 2858 1036 2926 [u
1053 2860 1139 2927 Boio]
1157 2865 1199 2913 lu.

147 2932 193 2983 Gr.
209 2931 384 2993 nonnullique
400 2930 580 2995 recentiores,
595 2929 693 2993 onibus
711 2933 760 2980 lioc
772 2932 912 2993 glossema
923 2931 1076 2986 videbatur.
1111 2933 1201 2982 Davi·

146 3001 205 3051 sios
222 3013 290 3052 vero
307 3012 361 3049 non
381 3002 467 3049 eolom
485 2999 597 3063 ollota,
617 3000 666 3049 sed
681 2999 764 3049 etiam
780 2999 834 3050 ltoc
852 3003 896 3052 eat
912 3000 1007 3064 spatio
1025 3006 1053 3052 et
1071 3014 1201 3068 quoquo-

147 3072 249 3121 o'crsus
268 3082 303 3119 ex
322 3068 444 3131 margine
462 3069 541 3119 illata
560 3066 782 3128 suspicabamur
795 3069 912 3131 deinde,
943 3083 1004 3120 cum
1022 3071 1153 3122 Clarkius
1170 3072 1200 3120 ln

148 3141 261 3205 vulgata
278 3150 389 3191 sensum
407 3151 470 3187 esse
488 3137 661 3200 perspicuum
679 3137 805 3205 dixisset,
824 3137 985 3189 sententiam
1004 3139 1130 3205 mutavit,
1148 3153 1201 3191 ne-

147 3222 198 3271 que
216 3208 284 3259 ilud.
302 3218 355 3255 non
372 3205 400 3255 in
418 3208 533 3269 vulgata
551 3205 699 3267 acqolevit.
734 3206 897 3258 ciacconius
915 3208 949 3258 ab
966 3209 1058 3277 toste,
1077 3209 1199 3260 Ukertue

147 3278 218 3329 (loll.
233 3291 259 3339 p.
279 3279 332 3327 323
350 3290 368 3326 o
382 3276 522 3327 Remo-aio
539 3288 558 3325 a
571 3276 693 3326 Caesare
707 3276 847 3343 scriptum,
864 3277 979 3343 denippue
996 3291 1131 3331 nonnemo
1149 3291 1200 3330 ex·

147 3346 247 3399 cidisse
265 3345 397 3411 prraedam
417 3353 479 3407 poet
498 3347 639 3411 oportere
655 3346 832 3423 putabatff.
849 3346 896 3398 int.
1148 3370 1152 3375 ¹

161 3502 229 3565 cap.
255 3499 299 3551 tl.
325 3498 354 3560 S.
379 3497 397 3551 5
423 3498 534 3563 salutis]
567 3511 635 3552 snae
678 3500 758 3554 vicos
779 3508 809 3551 et
830 3499 958 3553 aedificia
980 3514 1001 3553 u
1018 3499 1091 3554 Boia
1106 3499 1202 3552 iubens

115 3570 249 3635 cuiusque.
269 3570 312 3621 Gt.
331 3568 358 3629 S.
376 3570 403 3633 9.
677 3572 747 3621 nulli
785 3571 855 3634 parti
889 3570 1041 3633 Biturigum
1076 3571 1203 3633 quamvls

160 3639 300 3697 aedificia]
317 3635 479 3704 singularia,
496 3646 574 3689 extra
589 3636 636 3688 vi·
677 3639 824 3690 amicorum
838 3641 1003 3702 percendum
1015 3646 1094 3690 ratus
1107 3650 1203 3692 osten-

115 3720 160 3761 coe
184 3722 235 3773 per
260 3720 342 3771 egros
360 3705 465 3769 passim
485 3711 635 3775 exstructa,
678 3710 727 3773 dit,
743 3712 813 3759 uode
824 3709 932 3759 initium
944 3708 1005 3758 lieri
1017 3708 1203 3762 incendiorum

116 3780 222 3845 ΜΛ
240 3775 311 3837 §.a
678 3779 785 3829 debeat.
827 3777 870 3827 cl.
895 3779 955 3829 Ciu.
974 3780 1006 3841 1,
1031 3777 1067 3828 38
1084 3777 1112 3839 S.
1134 3784 1148 3831 l
1167 3783 1204 3832 ab

160 3859 179 3898 a
195 3847 273 3904 llola]
292 3848 329 3895 nt
342 3848 369 3912 3,
384 3846 403 3894 9
416 3843 440 3912 p.
454 3846 472 3898 7
488 3842 636 3896 Venetiam
677 3847 751 3899 Anu.
763 3848 843 3896 Alex.
857 3845 901 3911 35,
918 3845 935 3897 5
951 3860 970 3898 a
984 3848 1124 3900 Cocconis.
1147 3851 1205 3900 ne-

67 3956 72 3969 .
113 3915 215 3967 caesar
239 3916 404 3964 Venetorum
432 3918 534 3965 terram
560 3914 636 3979 dicit,
677 3917 739 3966 inde
771 3927 989 3982 quoquoversus
1018 3919 1120 3968 addens
1149 3930 1205 3971 non

113 3984 150 4035 lla
167 3989 192 4035 lt.
212 3986 232 4034 l.
247 3984 350 4035 Boiam
368 3983 503 4049 Boiorum,
522 3994 635 4046 quornm
677 3993 754 4035 recta
769 3990 874 4036 tantum
888 3984 980 4036 aliave
993 3998 1048 4039 una
1062 3990 1097 4038 ad
1111 3989 1205 4039 costra

113 4066 146 4107 ex
168 4055 270 4105 finibus
295 4065 427 4119 egressus
452 4054 481 4103 in
500 4052 636 4113 nitoriges
677 4056 860 4106 Romanorum
900 4055 1052 4117 pertinente
1093 4058 1204 4121 regione

113 4123 321 4188 vercingetorix
345 4122 432 4175 medlo
458 4123 531 4173 inter
554 4122 636 4171 Bolos
678 4125 874 4186 procedendum
898 4136 962 4175 esee
979 4126 1058 4177 docet
1073 4123 1126 4193 ils,
1156 4125 1202 4189 qul

112 4202 139 4243 eo
161 4194 302 4247 Moenus
327 4194 409 4255 cepto
436 4192 499 4246 loeo
528 4188 636 4245 nandi
676 4193 804 4253 lucendio
822 4193 1052 4255 taomelessem,
1071 4194 1201 4248 sodellis
1253 4246 1257 4259 ,
