2700 4726
188 297 256 367 562
441 295 514 364 DE
563 292 743 362 Brinno
773 287 1023 360 (intuto

188 482 224 548 id
249 484 310 548 hoo
334 482 494 563 oonsilio,
522 482 678 568 quonium
707 488 840 546 tantum
862 487 956 547 esset
977 475 1167 544 necessario
1189 492 1272 559 spa-

222 673 381 733 outiutiou,
399 683 468 723 rere
484 675 515 723 iu
534 672 623 739 Vtile,
640 687 681 723 rm
700 671 779 737 fosse
793 673 888 736 perdet
906 672 936 722 et
953 665 973 720 d
990 668 1063 735 rond
1079 668 1116 719 de
1132 676 1214 729 euve,
1233 664 1272 715 de

222 743 306 808 oiapt
322 742 403 805 piedt
421 743 612 807 deturpetur,
638 746 667 793 et
685 739 821 793 d'uutunt
840 743 875 792 de
897 739 1100 805 profunderet,
1124 734 1172 800 qui
1188 734 1272 785 auoit

223 814 297 862 dutus
317 824 351 861 uu
374 810 593 874 circonfe'renee
610 810 674 861 derit
697 812 774 862 utilit
791 812 857 876 cinq
874 821 941 860 cetto
956 821 1018 872 pat.
1050 818 1163 869 euntque
1178 806 1271 853 niuta-

223 882 325 931 tionem
348 888 444 939 postea
468 884 498 929 nt
521 881 645 931 consulto
672 881 773 930 tactam
798 880 944 929 defendere
963 880 991 926 et
1005 888 1107 941 puseus
1126 873 1271 936 legendum

223 952 410 999 demonstrare
433 953 550 1000 conatus
574 958 617 998 est
639 949 720 999 Mem.
745 949 875 1011 tritiques
897 950 926 996 et
947 946 1010 995 nist.
1036 942 1072 1006 t,
1102 939 1269 992 tit-15⁰.

222 1020 337 1069 Multum
367 1018 461 1068 tribuit
489 1020 706 1082 metaphrastes,
742 1018 787 1082 qui
818 1018 882 1083 epia
909 1008 1025 1081 στάδια,
1059 1016 1085 1063 h.
1111 1026 1137 1060 e.
1167 1022 1271 1073 passus

224 1086 411 1138 CCCLXXV.
434 1088 571 1153 posuerit,
596 1090 657 1149 pius
682 1088 854 1139 reinaturae
874 1087 902 1135 et
923 1080 1199 1143 caesarianorum,
1224 1080 1270 1129 eui

223 1161 280 1207 tem
305 1157 431 1219 exiguom
456 1156 632 1207 intervalium
659 1157 748 1207 minus
776 1156 981 1205 satisfacturum
1005 1154 1093 1203 inisse
1120 1149 1270 1199 contendit.

224 1228 278 1275 Sed
303 1226 328 1273 ei
347 1224 451 1288 quidem
474 1225 605 1289 consitio,
631 1222 897 1289 quodcaesaripse
915 1223 1076 1285 paulopost
1095 1226 1221 1269 secutum
1238 1231 1272 1267 se

224 1296 405 1360 demonstrat,
435 1294 599 1345 satisfacere
621 1297 705 1357 pedes
731 1292 917 1358 quadringenti
933 1292 1005 1341 irand
1020 1288 1100 1340 dubie
1117 1290 1274 1350 potuerunt.

224 1365 261 1413 Et
277 1376 328 1426 ea,
351 1375 421 1425 quoe
445 1376 469 1413 e.
486 1364 522 1414 73
539 1365 573 1413 de
596 1363 787 1414 munitionibus
804 1362 833 1413 in
850 1364 899 1413 itoe
917 1360 1007 1423 spatio
1024 1358 1155 1409 institutis
1169 1358 1272 1417 legun-

226 1442 287 1497 tur,
306 1432 344 1482 itu
361 1440 518 1494 comparate
535 1441 616 1498 sunt,
633 1440 663 1482 ut
680 1439 734 1482 tuni
752 1435 809 1482 iate
824 1432 865 1495 id,
884 1442 962 1493 paam
981 1430 1041 1479 vuit
1057 1427 1271 1491 Guisuirardtus,

224 1500 349 1565 patuisse
373 1512 425 1551 non
452 1501 585 1551 videatur.
627 1504 830 1565 metaphrastes
859 1508 948 1549 utrum
972 1496 1209 1561 irrumpamus,
1234 1508 1272 1547 an

225 1572 310 1632 pedes
332 1572 434 1619 temere
459 1583 520 1619 oum
544 1570 672 1631 possitus
696 1568 910 1634 permutaverit,
937 1566 1073 1632 dubitari,
1103 1566 1178 1615 nulio
1202 1572 1271 1615 vero

224 1641 303 1690 modo
328 1638 561 1689 auctoritamus
579 1652 641 1689 eum
658 1640 780 1688 codicum
798 1648 951 1690 nostrorum
973 1636 1135 1686 anctoritate
1158 1646 1272 1695 eompu-

225 1708 281 1758 rttri
298 1711 397 1769 potest.
439 1710 542 1757 'famen
565 1707 740 1773 Oberiinins,
764 1707 960 1773 Kreyssigins‚
982 1706 1124 1765 Mustius,
1151 1702 1270 1753 Heidins

224 1779 289 1827 ante
304 1776 448 1827 editionem
465 1780 599 1841 quartum,
619 1775 766 1840 wintune,
783 1778 945 1841 Speremus,
962 1772 1145 1835 Gaisonurdto
1159 1771 1272 1823 assensi

224 1853 289 1896 sunt
305 1846 335 1893 et
347 1857 451 1908 puseus
465 1848 636 1909 receperunt.

259 1923 335 1963 esset
361 1914 520 1965 necessario
544 1915 764 1977 spatiuntur.
782 1928 807 1966 e.
828 1914 880 1967 01.
898 1912 975 1963 Leid.
993 1913 1027 1961 A·
1045 1912 1117 1962 iiav.
1135 1911 1169 1963 A.
1186 1908 1272 1961 Vind.

225 1984 259 2032 A.
284 1994 309 2033 e.
332 1996 360 2032 ιι.
374 1984 475 2047 spatio
492 1985 574 2046 sung.
590 1985 625 2033 A.
643 1985 724 2033 Voss.
739 1986 774 2033 Α.
789 1984 848 2034 Pet.
866 1985 936 2033 Lov.
954 1984 1029 2043 Egm.
1047 1982 1091 2041 „7
1104 1978 1178 2029 niii“
1196 1980 1273 2031 Gott.

224 2052 293 2106 hob.
312 2050 388 2103 curr-
413 2053 472 2104 cod.
498 2054 576 2111 'iura
602 2051 690 2103 Connt
709 2052 774 2105 Par.
797 2050 831 2102 Α.
847 2053 935 2103 idaea.
954 2052 1001 2103 Dr.
1019 2050 1074 2102 tn.
1092 2050 1173 2101 Vrat.
1190 2049 1272 2101 ABG.

239 2218 306 2283 oar.
325 2222 369 2273 72.
394 2221 456 2283 §.2
481 2223 521 2283 id]
553 2224 708 2275 Aberrasse
801 2223 925 2287 qnoniam
941 2244 977 2257 -
993 2218 1162 2283 cingeretur]
1195 2220 1273 2271 liuee

187 2303 206 2342 a
231 2290 377 2352 seripturis
400 2296 489 2342 mente
512 2292 640 2343 videntur
663 2292 708 2355 qni
751 2290 777 2341 si
792 2292 822 2343 in
838 2290 995 2354 parenthesi
1011 2290 1100 2350 posita
1115 2288 1272 2352 statuimus,

188 2364 239 2411 iroo
264 2359 418 2421 pronomine
443 2374 496 2410 non
525 2364 611 2411 solunt
640 2360 706 2411 reli·
751 2361 830 2411 unios
848 2362 927 2424 signa
943 2358 1085 2411 eciarkio
1102 2358 1212 2410 adiecta
1229 2360 1273 2407 te-

187 2439 300 2493 quarunt
323 2428 496 2479 munitionum
514 2430 708 2493 reductionem,
750 2430 808 2481 nuit
825 2432 913 2491 0ud.‚
936 2430 1017 2479 simui
1035 2428 1196 2489 scriptorem
1221 2438 1273 2476 sno

189 2498 336 2547 sedetiam
351 2499 446 2548 iussae
460 2499 525 2549 XX.
543 2500 639 2559 pedum
657 2500 708 2549 du·
750 2501 856 2549 nornine
881 2500 951 2547 nane
970 2496 1081 2547 'oonniiii
1106 2509 1123 2547 a
1148 2495 1272 2548 caesare

190 2565 306 2617 ctionem
320 2565 469 2628 significari
480 2569 612 2616 statuunt.
635 2566 708 2617 lius-
750 2568 824 2628 oapti
841 2566 973 2618 rationem
990 2564 1141 2617 reddidisse
1158 2573 1186 2616 et
1203 2576 1273 2616 con-

190 2647 249 2685 sarn
265 2635 341 2683 iiiern
353 2634 458 2685 Caesar
474 2647 507 2684 eo
524 2636 640 2685 oonsilio
656 2637 707 2685 dn·
749 2638 871 2687 iunetivu
890 2635 947 2701 ita,
965 2643 994 2685 ut
1011 2634 1044 2702 t,
1062 2636 1077 2683 1
1098 2633 1125 2694 S.
1139 2638 1157 2684 9
1173 2635 1203 2684 in
1221 2635 1271 2699 fa-

189 2710 286 2767 xerat,
318 2711 348 2752 ut
368 2704 489 2753 Alesiam
511 2706 709 2756 circumvalla·
750 2708 846 2775 aierit,
865 2719 943 2756 usum
961 2717 1024 2754 esse
1043 2707 1165 2754 statuere
1184 2704 1272 2756 dene·

189 2775 248 2835 ret,
277 2782 363 2835 neque
383 2770 437 2822 aiio
460 2775 621 2834 spectabant
638 2775 707 2825 reii-
750 2790 820 2829 mus.
846 2776 922 2835 ouon
939 2786 1000 2825 oum
1017 2773 1071 2823 nisi
1087 2785 1120 2823 re
1136 2785 1272 2824 necessa-

188 2854 274 2906 quae,
299 2854 368 2903 quas
385 2841 526 2892 additurus
545 2849 621 2907 erut,
645 2856 707 2894 rno-
749 2847 793 2897 ria
809 2845 964 2895 iaciendum
980 2855 1036 2895 nou
1053 2841 1193 2905 videatur,
1215 2852 1272 2905 pe-

188 2910 315 2961 nitiones.
357 2910 415 2961 Has
440 2922 509 2961 uero
535 2914 629 2963 fossae
655 2912 697 2975 ips
749 2915 903 2975 restiteris,
937 2922 1007 2977 quae
1037 2919 1112 2963 certe
1141 2923 1196 2962 aon
1227 2918 1272 2961 est

188 2980 336 3042 adiungere
354 2992 406 3031 non
425 2984 534 3043 poterat
552 2991 708 3048 propterea,
750 2984 917 3049 necessaria,
935 2982 1016 3048 signu
1032 2995 1094 3034 uum
1107 2980 1272 3031 Baumstar-

188 3051 260 3111 quud
277 3051 424 3099 verendum
440 3058 517 3117 erat,
534 3062 569 3100 ne
584 3052 623 3101 ibi
639 3064 706 3115 opos
749 3054 796 3107 irio
814 3065 959 3116 amovere,
977 3050 1149 3101 eoninnutivo
1165 3052 1271 3114 autem,

188 3118 324 3169 ietientes
341 3117 441 3169 milites
465 3120 500 3169 ab
518 3121 640 3171 nostibus
659 3128 707 3173 ant
749 3138 829 3187 quern
841 3123 885 3173 iiie
898 3124 1008 3184 propter
1022 3118 1272 3183 sequentieneseio

116 3244 119 3248 ,
188 3192 269 3239 noeto
288 3188 503 3250 opprimerentur
524 3191 574 3239 aut
589 3190 708 3241 interdiu
750 3208 804 3257 quo
835 3192 941 3243 ratione
969 3190 1103 3241 adscitum
1131 3187 1272 3240 existimat

189 3259 253 3308 teiis
274 3261 447 3324 peterentur,
472 3259 543 3320 qood
565 3268 707 3321 utrumqne
749 3264 808 3321 (die
824 3256 997 3311 coniunctivi
1013 3259 1089 3311 esset
1102 3259 1272 3320 compleatur

180 3326 318 3387 impedire
337 3336 446 3389 propter
464 3326 554 3390 spatii,
570 3331 641 3391 quod
656 3328 707 3379 ιιι·Ι
749 3333 803 3383 und
827 3330 996 3394 oinperetur
1024 3328 1084 3377 sind
1109 3328 1193 3377 duruit
1225 3326 1271 3376 die

188 3394 311 3446 cessario
326 3398 485 3459 oompiexns
500 3404 576 3460 arat,
600 3397 707 3460 magni·
750 3413 817 3463 enge
831 3398 1008 3461 Verbindong
1021 3397 1069 3446 mit
1080 3407 1117 3446 ue
1128 3421 1164 3432 -
1176 3396 1271 3447 adua·

188 3464 309 3515 tudinem
332 3465 386 3514 iarn
410 3477 495 3527 snpra
518 3477 545 3517 o.
570 3468 606 3516 oo
636 3467 663 3535 §.
688 3468 707 3515 o
747 3470 891 3521 taretete.
906 3467 1036 3530 bedingt.)
1049 3465 1167 3515 similem
1180 3466 1270 3528 signi-

189 3533 401 3586 demonstratatn
425 3539 453 3584 at
478 3535 593 3586 militum
611 3547 706 3585 nume·
749 3538 900 3588 titutionem
918 3536 1036 3586 tribuere
1054 3538 1181 3597 praestat
1197 3536 1270 3600 eins,

188 3614 249 3653 rum
275 3604 309 3653 ad
334 3602 493 3665 cingendum
519 3606 623 3657 iussam
651 3615 706 3655 non
748 3618 829 3670 quarn
853 3604 881 3654 iu
897 3605 1022 3655 oratione
1046 3605 1156 3667 obliqua
1174 3606 1268 3670 nabet,

189 3671 369 3721 sufficientem
381 3671 493 3722 diiiioiie
508 3676 614 3728 eierat.
632 3676 706 3733 Quo·
748 3683 796 3741 ut,
815 3675 884 3736 qnod
894 3672 1000 3724 Caesar
1015 3686 1107 3723 seeum
1121 3678 1191 3723 nune
1207 3675 1268 3724 iere

187 3739 261 3790 nium
291 3740 373 3803 igitur
395 3748 450 3791 tam
479 3742 534 3792 iate
563 3741 706 3805 praesidiis
748 3744 777 3794 in
809 3744 914 3793 modom
947 3740 1108 3804 agitaverit:
1141 3743 1269 3805 quonium

188 3808 260 3859 tueri
289 3809 468 3872 monitiones,
505 3812 567 3859 durn
598 3812 704 3873 tierent,
749 3813 852 3865 tanturn
877 3812 994 3872 spatium
1018 3811 1168 3872 conplexos
1196 3824 1267 3874 sum,

187 3890 241 3930 non
254 3880 377 3942 poterat,
396 3879 473 3931 iussu
489 3880 570 3929 ductu
587 3881 706 3941 retiquae
747 3894 800 3935 neo
835 3880 920 3931 iueiie
950 3884 1034 3930 toturn
1065 3890 1133 3940 opus
1166 3892 1269 3931 corona

188 3947 223 3997 ab
246 3959 281 3999 ea
303 3949 428 4014 reduxit,
460 3956 491 3997 ut
514 3948 549 3999 iis
571 3950 706 3999 faciendis
747 3951 861 4003 miiitum
879 3946 1013 4011 cingitur,
1029 3948 1057 3998 id
1074 3949 1135 3997 eins
1153 3962 1189 3998 ex
1205 3949 1268 4001 ani·

187 4016 313 4078 occupati
329 4018 431 4068 milites
448 4017 511 4079 ipsa
528 4019 605 4069 fosso
622 4020 704 4070 tutio·
747 4033 791 4072 rno
809 4026 945 4081 tamqnam
962 4030 997 4067 ex
1021 4012 1146 4068 sermoni
1164 4017 1268 4069 reterri

186 4095 234 4135 res
259 4096 277 4134 a
300 4086 389 4139 subita
413 4087 528 4139 hostiurn
554 4088 705 4153 irruptione
748 4102 767 4140 a
795 4091 928 4149 scriptore
964 4089 1079 4148 putetur.
1129 4088 1172 4137 lie
1199 4099 1269 4137 vera

187 4164 288 4206 essent.
716 4190 719 4195 -
749 4159 820 4213 enirn
850 4157 997 4211 caesuen
1025 4158 1077 4208 noo
1106 4158 1179 4219 opud
1209 4168 1268 4221 eos,
