2700 4726
390 234 394 255 '
439 268 543 342 nin.
566 268 650 345 vn.
692 269 881 345 onnon
1131 276 1197 351 een
1302 244 1307 253 “

105 458 417 616 {imfjitc'efflff‘
441 458 587 546 cognitis
609 457 738 528 Romae
767 410 896 528 dierum
918 459 1001 531 XX.
1024 463 1197 552 snpplica-

123 572 157 616 eo
176 573 195 614 e
221 572 231 613 ι
250 570 303 618 ur.

141 741 237 802 Neque
261 746 363 803 exeo,
391 736 462 800 quod
481 736 568 787 Aldus
593 737 740 788 secundum
758 735 895 804 codicem,
918 745 948 788 nt
963 737 1090 804 videtur,
1114 738 1197 791 edidit

140 810 234 862 Huius
254 807 324 858 cneii
342 805 428 858 rebus
446 806 584 872 capnitis,
611 808 682 868 quod
705 814 732 854 et
753 803 843 870 ipsunt
867 806 976 858 minime
1000 807 1118 869 ineptum
1142 812 1196 873 eet,

143 878 190 943 qni
214 877 326 928 litteris
352 875 416 926 oriri
434 875 577 940 potnerit,·
589 874 760 938 intelligitur.
801 877 897 939 ltaque
916 890 975 926 curn
994 877 1062 927 ond.
1084 880 1197 942 acquie-

141 949 269 997 scendum
286 946 314 995 in
328 943 430 995 Faerni
442 943 559 993 lectione
576 945 680 1007 putavi.
712 939 743 993 1n
761 957 814 1005 qua
831 946 856 996 si
868 945 1002 996 Caesarie
1015 957 1119 1007 nomen,
1137 948 1197 998 ior-

140 1025 219 1066 tasse
239 1016 331 1064 littera
349 1013 482 1076 singulari
500 1021 530 1063 nt
545 1026 569 1063 c.
584 1013 619 1063 87
637 1011 663 1072 S.
683 1013 696 1060 1
717 1013 743 1062 in
762 1015 847 1064 licen.
866 1018 1002 1080 notatum,
1022 1028 1073 1075 per
1091 1015 1197 1066 librarii

140 1085 334 1146 negligentiam
351 1083 506 1147 exciderat,
524 1083 558 1133 ab
568 1082 684 1133 Aldinae
703 1083 871 1134 recensionis
881 1088 993 1135 anctore
1006 1085 1106 1154 rebus,
1126 1087 1197 1148 qnod

142 1163 244 1205 temere
269 1162 298 1202 ut
320 1152 405 1202 multe
430 1152 458 1202 in
484 1152 598 1202 alterius
621 1152 772 1213 archetypo
789 1154 918 1203 omissum
934 1156 1027 1217 esset,
1053 1155 1086 1204 ut
1108 1155 1197 1218 megia

141 1221 326 1276 necessarium
358 1229 515 1285 servatum,
547 1220 656 1270 litteris
683 1221 813 1283 eiectum,
837 1222 955 1283 denique
984 1221 1029 1272 irie
1052 1225 1083 1274 ut
1108 1223 1197 1275 minus

142 1295 234 1352 uptun
253 1294 286 1342 ud
305 1290 496 1353 praecedentia
515 1290 643 1339 licentius
661 1297 691 1340 nt
709 1291 842 1351 permulta
860 1291 889 1340 in
908 1290 992 1341 buius
1009 1292 1080 1341 unni
1097 1294 1197 1357 anpli-

140 1361 252 1410 iicetunr
274 1372 336 1409 esse
360 1356 510 1410 verisimile
535 1359 650 1410 ridetur.
692 1354 725 1411 In
744 1359 967 1420 ¹ilpbenneridibus
992 1361 1097 1423 quidem
1118 1363 1197 1413 locus

142 1429 186 1480 bis
201 1441 256 1480 non
272 1437 342 1485 erat.

176 1499 277 1558 editur]
298 1497 417 1550 reditur
434 1498 521 1549 lieen.
539 1497 688 1557 venetie.
713 1495 852 1549 redditur
870 1498 960 1558 stepo.
985 1499 1014 1547 et
1035 1499 1106 1549 niter
1123 1498 1198 1551 enti-

141 1567 361 1631 quiseinrus‘sec.
385 1568 492 1618 iiotom.
510 1567 599 1616 Sami.
667 1568 682 1631 ἰ
729 1565 779 1616 (in.
799 1567 882 1630 iiong.
902 1567 956 1616 ΑΒ.
982 1566 1042 1618 Ρ11.
1060 1569 1143 1620 Voss.
1161 1572 1197 1620 A.

143 1638 219 1689 (loti.
240 1638 316 1701 ilgm·
333 1637 415 1689 Febr.
433 1635 520 1687 conii.
545 1637 605 1686 cod.
690 1632 789 1687 ‚Eam
805 1639 840 1685 A·
864 1636 930 1686 Per.
949 1638 983 1686 A.
1001 1637 1084 1698 Bone.
1103 1636 1136 1687 Λ.
1155 1639 1197 1690 ΡΙ.

140 1707 190 1757 Dr.
208 1706 265 1756 ΑΒ.
284 1708 363 1756 Vrat.
381 1706 459 1756 Ailc.
477 1706 554 1756 Gotb.
579 1705 607 1756 tl.
625 1703 721 1753 iiamb.
745 1704 797 1754 Gn.
815 1703 897 1754 vind.
924 1705 1042 1755 Aiiliii'i.
1068 1705 1146 1758 nom.
1172 1719 1200 1765 a.

141 1775 214 1826 Med.
232 1788 258 1826 a.
275 1775 347 1824 Ven.
366 1776 403 1824 bi.
425 1775 485 1823 Ber.
504 1772 732 1824 redditcevind.
745 1773 775 1822 c.
793 1773 935 1825 indicitur
954 1773 1198 1837 (cartonen.)

142 1844 204 1894 Aid.
224 1854 249 1892 a.
267 1855 324 1905 sqq.
350 1843 506 1899 (inciditur
524 1843 578 1900 st.)
615 1842 646 1890 in
665 1840 744 1891 (iotis.
762 1844 797 1891 Α.
815 1855 870 1892 nna
887 1856 948 1893 curn
965 1857 1016 1894 sex
1033 1847 1200 1904 praeceden»

143 1912 218 1963 tibus
235 1911 353 1974 syllabis
373 1913 509 1960 abscisum
527 1918 579 1962 est.
613 1910 789 1974 „indicitur
808 1911 899 1961 inveni
919 1923 966 1973 pro
984 1912 1064 1961 varia
1081 1915 1198 1965 lectione

142 1983 170 2033 in
188 1982 246 2032 solo
266 1980 393 2031 [leidensi
411 1981 548 2043 secundo,
570 1985 600 2027 ut
619 1981 736 2028 testatur
755 1979 782 2027 in
800 1992 849 2029 sno
873 1993 936 2028 esse
954 1980 1094 2034 Faernus:
1119 1992 1200 2047 atque

141 2050 225 2101 etiam
248 2050 365 2101 vescor.
394 2047 476 2101 nesii.
502 2056 530 2097 et
555 2048 683 2107 deinceps
713 2046 811 2109 reliqui
841 2049 991 2099 ediderunt.
1033 2050 1065 2098 ln
1097 2053 1199 2102 ceteris

141 2120 266 2171 omnibus
284 2130 317 2169 ec
331 2119 398 2168 Edd.
417 2115 510 2179 primis
529 2120 620 2166 exstat
637 2115 783 2167 redditur.
818 2118 871 2167 sed
890 2116 1016 2167 debuisse
1026 2118 1123 2170 saitem
1135 2119 1199 2172 addi

142 2188 252 2238 videtur
273 2187 336 2239 nile
354 2187 415 2236 sive
433 2185 516 2236 Die.“
550 2186 620 2236 oud.
648 2186 693 2247 qui
720 2187 752 2234 do
775 2185 886 2237 Februo
914 2197 968 2235 non
994 2189 1062 2248 qnod
1080 2199 1126 2238 res
1143 2192 1200 2256 est,

142 2256 247 2309 dixisse
272 2265 300 2307 et
324 2254 426 2306 codicis
452 2256 511 2305 eius
539 2253 745 2317 anctoritatem,
780 2267 860 2317 quant
884 2254 1006 2317 proxime
1030 2259 1199 2317 praecedens

141 2323 281 2379 adnotatio
302 2333 396 2376 nostra
416 2324 598 2386 demonstret,
621 2323 694 2376 iusto
718 2324 825 2387 longius
849 2324 884 2374 ad
909 2325 959 2374 boc
978 2326 1145 2394 extremum,
1170 2326 1200 2378 in

140 2407 193 2459 quo
205 2394 331 2445 ii'aernns
344 2394 441 2444 Aidnrn
462 2393 641 2456 sequebatur,
659 2393 835 2459 extendisse,
853 2394 973 2443 ceterum
983 2393 1108 2447 Altinum
1127 2395 1201 2446 scri-

141 2473 249 2527 pturam
269 2463 328 2512 inre
346 2462 509 2523 praetulisse
527 2461 568 2524 ei,
586 2473 666 2524 quan
684 2461 793 2510 codices
811 2463 959 2527 praebent,
977 2462 1095 2516 ridetur.
1130 2466 1200 2518 iiam

139 2532 268 2584 reddere
283 2531 521 2593 supplicationem
537 2542 590 2581 non
608 2531 694 2580 solum
713 2529 889 2594 inusitatum,
914 2531 961 2581 sed
980 2530 1061 2583 etiutn
1079 2532 1200 2597 ineptum

139 2609 199 2664 est,
228 2600 254 2649 si
279 2599 400 2648 redditae
426 2600 532 2661 gratiae
556 2598 783 2662 significationem
812 2600 912 2649 bebere
945 2601 1069 2669 putator,
1100 2603 1200 2667 quippe

142 2681 223 2734 quent
241 2667 357 2731 gretiam
377 2664 482 2718 Caesar
500 2674 547 2716 ent
562 2669 681 2718 recusa
708 2680 738 2716 se
755 2669 844 2731 gestis
868 2670 917 2716 aut
941 2669 1044 2720 litteris
1069 2671 1127 2721 suis
1150 2674 1201 2722 ent

140 2739 194 2790 sibi
213 2738 267 2798 ipsi
285 2735 363 2798 quasi
387 2734 440 2784 iarn
459 2735 531 2783 inter
552 2736 618 2786 deos
643 2738 730 2786 relato
754 2738 885 2786 redditam
909 2735 1012 2787 dixisse
1039 2741 1199 2793 statuendus

140 2811 226 2857 esset.
260 2804 421 2863 indicitur,
445 2803 469 2851 si
488 2802 514 2852 in
533 2804 580 2854 ilio
596 2803 698 2854 iisernl
719 2806 786 2855 libro
803 2813 851 2856 ant
869 2805 896 2854 in
916 2806 1038 2866 pluribus
1062 2808 1123 2857 eins
1148 2822 1200 2872 ge·

140 2877 236 2941 neris,
263 2887 317 2937 qno
333 2874 434 2924 Aldina
457 2870 583 2922 recensio
602 2875 713 2936 nititur,
740 2876 877 2937 exstaret,
905 2875 990 2922 teneri
1014 2881 1123 2941 posset,
1146 2877 1200 2928 etsi

142 2957 196 3010 qna
213 2943 318 2996 ratione
335 2944 364 2992 in
381 2941 520 2993 redditur
538 2944 694 3003 corruptum
712 2949 803 3004 esset,
823 2953 875 2990 non
894 2939 1098 3004 intelligeretur.
1129 2947 1199 2996 Nem

140 3015 212 3079 quod
230 3011 360 3075 epitatus
380 3014 427 3061 boc
445 3022 552 3075 qnoque
572 3022 606 3059 ex
625 3010 688 3060 Cim
706 3011 732 3075 i,
753 3012 767 3059 i
787 3011 897 3070 petitum
917 3010 1070 3080 existimet,
1091 3012 1200 3065 minime

142 3084 292 3133 verisimile
310 3089 362 3130 est.
397 3081 439 3131 ed
458 3080 633 3129 coniecturae
651 3090 740 3144 vero,
758 3079 802 3128 cni
821 3079 912 3128 deberi
931 3079 1052 3147 videtur,
1070 3083 1200 3144 probabi.

140 3154 244 3204 iitateru
261 3163 316 3201 non
333 3149 432 3200 meiius
451 3151 635 3211 comparatum
659 3152 719 3211 eet,
747 3158 826 3211 quarn
850 3149 1021 3200 decernitur
1044 3160 1092 3200 aut
1108 3152 1200 3203 edici-

140 3224 210 3288 tur,
228 3232 298 3284 quae
315 3219 383 3270 cuo.
402 3217 552 3282 proposuit.
589 3218 683 3280 ltaque
701 3219 799 3267 cedere
816 3217 885 3267 iilud
904 3216 1034 3268 iussimus
1059 3219 1104 3288 ei,
1127 3223 1200 3284 quod

140 3292 176 3342 ad
195 3291 317 3340 codicum
335 3289 498 3348 scripturum
520 3288 642 3347 proxirne
660 3287 806 3336 accederet
822 3288 851 3337 et
867 3286 1051 3348 linguosusui
1064 3289 1200 3341 indictio·

140 3360 222 3419 nibus
254 3359 355 3424 ludos,
386 3358 583 3424 pladiatoree,
614 3369 717 3406 munuc
748 3357 972 3421 pladietorium,
1002 3361 1200 3421 spectaculum

141 3428 229 3480 edere
250 3428 397 3492 conspicuo
415 3426 563 3477 convenire
583 3426 612 3474 11
628 3424 784 3475 1111111110
800 3425 894 3476 eadem
907 3426 1104 3491 significatione
1116 3442 1198 3481 usur-

137 3500 233 3561 patum
257 3496 285 3546 in
310 3498 369 3544 eins
394 3496 533 3545 codicibus
560 3496 652 3544 eodeni
680 3497 758 3545 niodo
784 3496 962 3555 depravatum
983 3497 1122 3548 videretur
1140 3499 1199 3549 ilo-

140 3567 199 3617 rnit.
217 3564 250 3615 4:
280 3563 431 3631 collepium
454 3564 644 3626 instituerat,
670 3577 708 3615 en
735 3575 791 3629 qno
816 3565 898 3614 rorte
924 3564 1005 3616 ducii
1029 3564 1199 3632 magisterio

141 3637 341 3702 fungerentur
359 3633 577 3698 redderentque
598 3633 721 3685 enimiae
737 3632 907 3687 cenationes
923 3637 954 3688 et
970 3636 1097 3689 scenicus
1115 3636 1199 3690 ludus

139 3715 286 3771 superque
305 3705 461 3757 oratorum
476 3715 512 3757 uc
525 3704 681 3768 puetarum
696 3702 867 3765 certamine.

456 3960 848 3989 mm
