2700 4726
163 272 198 344 ⁸1
382 292 485 364 ure.
510 291 595 360 vn.
639 291 761 363 cnr.
785 297 827 363 ro
1081 296 1154 370 ass

62 480 210 551 eundum
233 477 457 562 existimaret,
477 481 771 570 quiiuiquitatem
794 481 998 550 conditionis
1019 505 1098 573 pers
1124 484 1151 552 i-

62 578 171 650 ceret,
195 568 287 635 inani
309 568 525 636 simulatione
548 592 625 637 sose
640 564 1055 657 ostentnre‘coguosceret.
1096 507 1195 643 fri-l

61 658 248 744 dignantes
270 656 398 721 milites
415 655 554 738 Caesar,
577 657 668 744 quod
691 646 906 744 conspectum
924 682 1021 726 suum
1037 661 1153 728 hostes

61 746 220 835 perferre
249 753 389 829 possent
416 746 548 810 tantulo
579 747 691 832 spatio
722 747 919 827 interiecto,
943 755 989 826 ⁴st
1018 749 1151 834 signum

63 833 191 922 proelii
223 839 441 918 exposcentes
463 832 601 912 edocet,
634 842 760 918 quanto
785 833 985 901 detrimento
1013 845 1049 901 et
1069 843 1154 923 quot

63 923 216 988 virorum
246 919 386 984 fortium
416 931 524 986 morte
551 941 689 985 necesse
712 921 762 986 sit
780 931 937 987 constare
957 924 1153 1006 victoriam

64 1032 154 1097 quos
176 1028 252 1072 cum
277 1008 327 1073 sic
349 1008 460 1073 auimo
482 1016 622 1097 paratos
645 1006 769 1090 videat,
791 1016 831 1074 ut
852 1011 983 1075 nullum
1006 1032 1068 1099 pro
1089 1013 1196 1079 suno

78 1200 82 1205 .
136 1163 310 1228 perspiceret
323 1187 359 1198 ·-
372 1163 564 1226 cognosceret]
595 1163 824 1229 perspiceret·
837 1169 1046 1234 coacescerent
1069 1169 1152 1223 Viuo.

97 1235 155 1286 cu.
168 1233 608 1298 perspicerent—capnosceret
620 1235 691 1286 liar.
704 1238 739 1285 Α.
752 1236 821 1288 Wb.
840 1239 912 1295 (sec.
926 1239 1029 1288 Elberl.
1048 1248 1152 1291 utrum·

43 1322 48 1331 ·
96 1318 153 1371 quc
175 1301 312 1366 singulari
336 1303 470 1361 exhibet.)
492 1303 948 1370 perspicerent-copaoocerent
966 1307 1034 1357 Ani.
1054 1309 1104 1359 οι.
1122 1313 1151 1364 Β.

96 1370 192 1439 ‚‚al.“
214 1374 263 1423 Dr.
282 1373 313 1420 B.
338 1371 419 1420 Vrat.
437 1370 469 1420 C.
493 1373 573 1421 Gotb.
592 1373 621 1420 Β.
648 1374 708 1422 edi.
727 1377 791 1423 ante
810 1375 878 1424 oua.
898 1376 1022 1438 exceptis
1039 1379 1111 1429 Vsu.
1129 1380 1152 1433 t’.

94 1448 138 1493 st.
158 1442 207 1492 Gr.
226 1442 253 1490 b.
272 1439 357 1488 lircil.
382 1441 598 1503 (perspicernet
615 1441 687 1491 veri.
706 1445 747 1501 c.)
790 1444 819 1493 Si
838 1443 1067 1504 scriptoriorum
1085 1462 1151 1499 ver-

97 1514 192 1561 borum
211 1522 352 1560 numerum
374 1510 510 1574 variavit,
539 1511 590 1559 diro
608 1509 702 1572 priora
719 1511 829 1573 plurali,
848 1513 1001 1574 posteriora
1017 1517 1154 1579 singulari

96 1581 223 1644 posuisse
241 1578 440 1628 existimandus
457 1583 511 1643 est,
527 1580 746 1642 quemadmodum
764 1579 793 1628 lu
810 1582 888 1631 Leia.
907 1585 939 1632 Α.
960 1585 1030 1633 Har.
1044 1590 1076 1636 A.
1091 1590 1152 1638 Elb.

96 1651 181 1699 Vino.
200 1653 236 1698 A.
259 1647 396 1697 variatum
415 1649 556 1710 ridemus3
585 1651 633 1697 seri
659 1649 824 1711 probabilius
842 1655 886 1701 est
902 1651 992 1714 ipsum
1011 1656 1154 1710 adomnia

94 1720 230 1778 quattuor
253 1717 368 1766 eundem
392 1714 560 1780 singularem
583 1718 757 1782 adhibuisse,
789 1718 952 1770 varietatem
976 1723 1083 1775 criticis
1106 1728 1154 1778 vel

95 1787 220 1838 librariis
238 1786 339 1835 deberi.

130 1855 156 1918 §.
174 1852 194 1905 4
219 1854 309 1914 suuni]
339 1852 386 1903 oni
408 1855 491 1916 Bong.
509 1855 543 1904 A.
562 1853 602 1904 Pl.
620 1852 664 1910 Gt.
689 1853 751 1904 edu.
770 1857 806 1906 ad
824 1852 853 1922 4,
870 1856 904 1909 28
924 1857 951 1918 s.
969 1861 996 1910 2.
1031 1859 1067 1909 Ia
1083 1872 1154 1911 con-

94 1927 200 1989 spectu
220 1937 273 1973 suo
297 1923 377 1972 Alex.
394 1925 447 1986 60,
467 1923 481 1970 1
500 1926 529 1971 et
546 1923 606 1973 Air·
624 1921 657 1988 4,
680 1922 716 1988 4,
729 1923 773 1974 ‘in
790 1930 973 1990 compactum
989 1941 1074 1980 suum
1092 1928 1153 1982 an.

95 1994 133 2047 46
161 1996 275 2046 εοοηα
290 1994 363 2041 suut.

134 2029 274 2128 prestre]
307 2062 394 2126 serre
418 2061 487 2112 nnn.
513 2058 572 2119 ox„
591 2059 641 2112 cu.
667 2063 695 2112 s.
718 2061 794 2110 uero.
813 2062 846 2111 a,
866 2061 938 2112 nav.
957 2065 993 2114 a.
1016 2063 1099 2116 vua
1119 2066 1153 2117 a.

42 2162 47 2173 -
94 2134 159 2182 Alli.
180 2144 239 2195 sqq.
257 2132 287 2180 ut
305 2130 330 2192 1,
347 2132 383 2182 39
401 2128 427 2189 S.
448 2130 462 2176 l
483 2133 650 2180 oecultum
671 2129 785 2195 quidem
797 2135 886 2195 atque
897 2131 989 2182 aciem
1002 2135 1155 2186 oculorum

97 2202 188 2270 tarra
206 2199 345 2265 potuisse.
364 2197 520 2265 (preferre
537 2201 608 2249 bled.
626 2211 654 2250 a.
671 2201 831 2266 praeferre
849 2202 920 2251 ven.
940 2202 1031 2259 boile.)

130 2272 182 2329 sit]
214 2269 319 2334 „bles
346 2270 450 2318 tantum
469 2281 523 2320 nou
542 2265 663 2319 omnes·‘
688 2266 1154 2333 fitvoss.rt.1‹¹anr.ercctalu.
1217 2322 1220 2327 ,

97 2352 126 2391 ιι.
145 2344 282 2389 etc.a1ac
301 2337 369 2387 0url.
406 2338 438 2386 lu
456 2338 555 2387 tiemo.
571 2339 612 2387 sit
628 2347 693 2389 ente
712 2350 828 2390 necesse
847 2340 964 2400 positum
982 2341 1035 2389 est.

38 2450 45 2469 ,
106 2408 159 2469 ,9.
186 2406 204 2457 5
231 2407 515 2467 videet—recusent]
547 2407 617 2456 Allo.
643 2408 694 2458 0x.
718 2408 797 2458 Laid.
815 2409 848 2456 Δ.
872 2407 944 2457 llav.
965 2410 1000 2463 Α.
1018 2406 1102 2457 Vinii.
1121 2409 1155 2456 A.

94 2474 197 2543 (ilung-
219 2477 253 2524 Δ.
272 2475 329 2532 ΡΙ.)
353 2484 381 2523 et
402 2489 459 2526 sec.
477 2472 665 2526 Acbaintrium
684 2476 867 2527 Parisienses.
885 2476 1156 2529 uidet-recusent

1191 1346 1205 1383 Ι

58 2590 90 2643 iu
108 2602 205 2655 pugna
223 2588 450 2653 trigeminorum
475 2591 589 2654 tortique
631 2587 700 2654 ltin,
719 2588 782 2638 sivo
798 2590 870 2651 quod
884 2589 942 2653 ipsi
957 2591 1157 2654 conspiceren-
1264 2633 1270 2640 .

58 2665 186 2727 aequato
210 2660 312 2710 Marte
337 2659 444 2726 singuli
468 2672 590 2723 sapuere·
632 2663 678 2708 tur
704 2660 738 2707 ab
759 2661 903 2727 hostibus,
932 2662 1157 2723 qrrcmadmodum

60 2732 150 2795 rant,
183 2730 252 2780 item
270 2727 382 2778 curtius
407 2726 443 2792 4,
476 2728 537 2788 18.
556 2730 588 2779 8:
630 2729 765 2791 asprectue
789 2724 891 2778 dicitur
913 2730 1109 2783 multitudiuis
1131 2744 1159 2781 o.

59 2798 96 2855 ds
110 2811 316 2866 rspaooepuc,
334 2797 470 2860 cicensi,
489 2799 590 2848 Marte
632 2798 666 2848 76
693 2796 719 2857 S.
748 2799 779 2844 6:
811 2810 904 2862 nepae
933 2802 1001 2851 erat
1031 2800 1159 2851 omniurn

59 2870 262 2923 contenderet.
304 2867 396 2915 Aliter
425 2868 534 2916 ilirtins
561 2867 588 2930 8,
633 2865 799 2931 numquam,
828 2868 878 2933 ptri
901 2871 1050 2934 aspectura
1073 2870 1159 2921 morio

60 2932 95 2989 l'e
115 2938 144 3001 s.
169 2942 203 2988 2:
238 2936 312 3001 quod
339 2932 501 3002 (proelium)
525 2949 589 2986 cura
633 2936 1159 3002 tuataemaltitnclinisoaett'neripos-

59 3008 173 3061 rliutius
188 3008 260 3071 part
277 3008 372 3056 lotarie
392 3003 539 3069 iniretur,
561 3006 590 3054 et
632 3016 663 3054 se
678 3005 894 3057 arbitraretur.
910 3008 977 3058 item
987 3011 1158 3072 conspectas

60 3076 169 3129 caeam
186 3076 249 3131 civ.
268 3078 295 3137 3,
316 3076 367 3123 112
384 3072 411 3133 s.
428 3076 460 3126 7:
486 3077 527 3126 stc
544 3076 590 3126 est
633 3072 715 3123 ralis
737 3085 756 3122 a
774 3073 910 3126 cicerone
929 3089 981 3140 pro
998 3079 1079 3128 Sulla
1096 3091 1122 3130 c.
1139 3078 1158 3125 9

58 3149 233 3215 paparium,
252 3146 286 3194 ut
303 3146 515 3206 aenaoproelio
530 3144 591 3193 riis-
633 3143 675 3201 (S.
697 3143 747 3200 26]
777 3145 807 3193 et
835 3156 917 3196 meus
945 3148 1117 3211 conspectus
1139 3156 1159 3196 a

59 3217 261 3269 cedereturet
275 3214 376 3262 neutri
388 3215 591 3277 pellerentar3
634 3210 764 3262 Terentio
789 3213 857 3264 Hoc.
881 3214 914 3277 5,
939 3218 956 3264 2
975 3226 1004 3264 v.
1022 3218 1070 3268 22:
1100 3213 1159 3267 etsi

61 3286 90 3337 in
106 3286 208 3353 pinibus
226 3284 259 3333 (le
276 3284 378 3331 eventu
390 3296 499 3346 pugnae
511 3283 590 3347 cogi·
633 3281 693 3330 scio
710 3282 760 3344 pol
776 3281 820 3331 bis
839 3295 933 3333 meum
952 3284 1020 3350 sore
1036 3297 1157 3346 conspe-

59 3357 173 3407 tamiom
193 3355 245 3411 eat,
263 3354 295 3399 ut
312 3351 339 3399 iu
351 3353 446 3416 cario,
464 3355 589 3417 incerto,
633 3353 713 3401 ctum
729 3351 855 3403 incisum
871 3352 964 3403 bodie.
1001 3354 1074 3404 Alibi
1087 3365 1158 3403 cua-

58 3424 200 3491 sueipttt,
221 3420 306 3472 aubia
323 3418 435 3471 Marte.
631 3421 747 3482 spectus
765 3421 825 3469 iere
843 3425 887 3472 est
899 3423 968 3485 eius,
986 3422 1033 3485 qui
1047 3420 1158 3484 conspi-

110 3492 140 3555 S.
157 3490 178 3543 4
195 3491 376 3555 indignantes
394 3489 497 3540 milites
516 3486 589 3538 Cae·
631 3488 685 3552 cit,
705 3489 746 3542 bet
761 3488 839 3555 titia,
855 3493 885 3541 ut
903 3489 974 3540 locis
991 3492 1019 3541 in
1034 3492 1097 3544 adu.
1116 3503 1156 3541 or.

58 3574 128 3631 sar,
154 3561 242 3627 qaod]
267 3559 386 3611 Etiamsi
403 3560 498 3608 adisse
514 3558 588 3609 cee—
632 3557 796 3620 significatis
815 3563 844 3606 et
863 3571 887 3609 c.
906 3559 942 3609 30
960 3558 986 3618 S.
1008 3563 1040 3610 1:
1064 3570 1158 3625 nenne

58 3630 155 3685 serem
180 3634 210 3680 et
234 3630 308 3690 apud
330 3642 391 3678 eum
411 3629 588 3693 insignanter
630 3639 661 3677 se
678 3628 709 3676 la
723 3627 1030 3680 occultumabaiaerot
1043 3630 1073 3680 et
1086 3642 1158 3680 coa-

59 3704 149 3755 rerba
168 3698 275 3751 iecisse
291 3699 396 3748 milites
408 3698 456 3746 vix
470 3698 588 3747 creden·
629 3698 758 3759 spectum
776 3688 971 3747 multitudinis
983 3699 1114 3767 superat,
1129 3700 1157 3753 b.

57 3772 123 3823 ium
139 3768 195 3834 sit,
214 3772 306 3819 umen
323 3768 476 3831 indigitatio
495 3779 588 3817 eornrm
632 3778 656 3814 e.
673 3765 794 3828 conspici
809 3777 827 3814 a
839 3768 1156 3822 multitudiuenoluerat.

59 3852 96 3895 ex
126 3844 212 3903 parte
244 3839 280 3888 ed
304 3837 394 3901 ipsum
419 3837 588 3902 pertinebat,
631 3835 664 3884 Iri
695 3847 763 3884 vero
792 3835 896 3884 milites
926 3836 1066 3903 indignari
1101 3850 1158 3890 non

57 3910 141 3975 loque
163 3906 314 3960 interiecto
339 3907 414 3956 inter
439 3917 473 3956 aa
491 3910 588 3973 verba,
631 3906 778 3970 poterant,
803 3907 875 3966 quod
891 3906 967 3957 Galli
983 3906 1107 3970 conspici
1125 3919 1158 3958 se

58 3982 159 4047 quibus
176 3977 330 4042 inrdignatio
349 3974 517 4038 continetur,
536 3987 589 4026 no-
631 3976 666 4025 ab
696 3974 766 4036 ipsis
791 3973 821 4023 iu
845 3977 924 4026 tante
953 3977 1159 4041 propinquitate

58 4050 134 4101 unius
158 4048 221 4099 eius
253 4046 441 4111 significatum
467 4046 586 4097 videtur.
629 4046 809 4108 paterentur,
843 4046 893 4095 sed
921 4047 993 4108 quod
1018 4047 1075 4110 ipsi
1099 4049 1158 4098 ten

57 4118 102 4175 ct.
122 4118 186 4170 aiu.
206 4118 242 4169 sil
262 4117 289 4181 5,
307 4114 342 4166 to
359 4120 385 4181 s.
405 4115 431 4168 4.
630 4124 718 4176 prope
749 4116 897 4167 verentes
928 4129 962 4167 se
990 4115 1160 4182 conspicere

106 4188 288 4287 compagum
313 4188 409 4249 suum]
437 4185 507 4255 iiten
534 4183 587 4241 itm
628 4182 809 4237 sustinerent.
