<?xml version="1.0" encoding="UTF-8"?>
<!DOCTYPE html PUBLIC "-//W3C//DTD XHTML 1.0 Transitional//EN"
    "http://www.w3.org/TR/xhtml1/DTD/xhtml1-transitional.dtd">
<html xmlns="http://www.w3.org/1999/xhtml" xml:lang="en" lang="en">
 <head>
  <title>
</title>
<meta http-equiv="Content-Type" content="text/html;charset=utf-8" />
  <meta name='ocr-system' content='tesseract 3.04.00' />
  <meta name='ocr-capabilities' content='ocr_page ocr_carea ocr_par ocr_line ocrx_word'/>
</head>
<body>
  <div class='ocr_page' id='page_1' title='image "./commentariidebe00schngoog_0052.png"; bbox 0 0 2700 4726; ppageno 0'>
   <div class='ocr_carea' id='block_1_1' title="bbox 432 285 1199 361">
    <p class='ocr_par' dir='ltr' id='par_1_1' title="bbox 432 285 1199 361">
     <span class='ocr_line' id='line_1_1' title="bbox 432 285 1199 361; baseline 0.008 -8"><span class='ocrx_word' id='word_1_1' title='bbox 432 285 644 360; x_wconf 75' lang='lat' dir='ltr'><strong>uluvll.</strong></span> <span class='ocrx_word' id='word_1_2' title='bbox 697 287 802 361; x_wconf 82' lang='lat' dir='ltr'><strong>GAP</strong></span> <span class='ocrx_word' id='word_1_3' title='bbox 836 291 880 358; x_wconf 86' lang='lat'><strong>12</strong></span> <span class='ocrx_word' id='word_1_4' title='bbox 956 286 960 292; x_wconf 74' lang='grc'><em>’</em></span> <span class='ocrx_word' id='word_1_5' title='bbox 1131 293 1199 361; x_wconf 87' lang='grc'><strong>363</strong></span> 
     </span>
    </p>
   </div>
   <div class='ocr_carea' id='block_1_2' title="bbox 109 473 1293 1530">
    <p class='ocr_par' dir='ltr' id='par_1_2' title="bbox 109 473 1293 1530">
     <span class='ocr_line' id='line_1_2' title="bbox 109 473 1260 563; baseline -0.001 -20"><span class='ocrx_word' id='word_1_6' title='bbox 109 474 179 563; x_wconf 77' lang='lat' dir='ltr'><strong>goti</strong></span> <span class='ocrx_word' id='word_1_7' title='bbox 201 473 248 542; x_wconf 86' lang='lat' dir='ltr'><strong>ad</strong></span> <span class='ocrx_word' id='word_1_8' title='bbox 269 495 345 543; x_wconf 90' lang='lat' dir='ltr'><strong>eum</strong></span> <span class='ocrx_word' id='word_1_9' title='bbox 368 476 540 544; x_wconf 86' lang='lat' dir='ltr'><strong>venissent</strong></span> <span class='ocrx_word' id='word_1_10' title='bbox 562 483 713 559; x_wconf 84' lang='lat' dir='ltr'><strong>oratum,</strong></span> <span class='ocrx_word' id='word_1_11' title='bbox 733 483 774 544; x_wconf 89' lang='lat' dir='ltr'><strong>ut</strong></span> <span class='ocrx_word' id='word_1_12' title='bbox 796 477 863 545; x_wconf 86' lang='lat' dir='ltr'><strong>sihi</strong></span> <span class='ocrx_word' id='word_1_13' title='bbox 885 478 1076 563; x_wconf 73' lang='lat' dir='ltr'><strong>ignosceret</strong></span> <span class='ocrx_word' id='word_1_14' title='bbox 1097 498 1196 543; x_wconf 89' lang='lat' dir='ltr'><strong>suae-</strong></span> <span class='ocrx_word' id='word_1_15' title='bbox 1259 493 1260 499; x_wconf 72' lang='grc'>’</span> 
     </span>
     <span class='ocr_line' id='line_1_3' title="bbox 109 565 1241 653; baseline 0 -23"><span class='ocrx_word' id='word_1_16' title='bbox 109 587 173 653; x_wconf 92' lang='lat' dir='ltr'><strong>que</strong></span> <span class='ocrx_word' id='word_1_17' title='bbox 193 566 286 632; x_wconf 79' lang='lat' dir='ltr'><strong>ritae</strong></span> <span class='ocrx_word' id='word_1_18' title='bbox 306 567 517 645; x_wconf 71' lang='lat' dir='ltr'><strong>consuleret,</strong></span> <span class='ocrx_word' id='word_1_19' title='bbox 545 573 589 631; x_wconf 90' lang='lat' dir='ltr'><strong>ut</strong></span> <span class='ocrx_word' id='word_1_20' title='bbox 606 566 781 632; x_wconf 88' lang='lat' dir='ltr'><strong>celeritate</strong></span> <span class='ocrx_word' id='word_1_21' title='bbox 802 566 952 653; x_wconf 88' lang='lat' dir='ltr'><strong>reliquae</strong></span> <span class='ocrx_word' id='word_1_22' title='bbox 974 587 1031 631; x_wconf 87' lang='lat' dir='ltr'><strong>roe</strong></span> <span class='ocrx_word' id='word_1_23' title='bbox 1056 565 1198 632; x_wconf 82' lang='lat' dir='ltr'><strong>coniice-</strong></span> <span class='ocrx_word' id='word_1_24' title='bbox 1220 568 1241 630; x_wconf 77' lang='lat'><strong>3</strong></span> 
     </span>
     <span class='ocr_line' id='line_1_4' title="bbox 110 651 1197 804; baseline -0.002 -84"><span class='ocrx_word' id='word_1_25' title='bbox 110 660 172 733; x_wconf 86' lang='lat' dir='ltr'><strong>rot,</strong></span> <span class='ocrx_word' id='word_1_26' title='bbox 198 674 265 740; x_wconf 94' lang='lat' dir='ltr'><strong>qua</strong></span> <span class='ocrx_word' id='word_1_27' title='bbox 290 653 453 804; x_wconf 80' lang='lat' dir='ltr'><strong>pleraque</strong></span> <span class='ocrx_word' id='word_1_28' title='bbox 473 661 547 718; x_wconf 88' lang='lat' dir='ltr'><strong>erat</strong></span> <span class='ocrx_word' id='word_1_29' title='bbox 566 660 779 734; x_wconf 88' lang='lat' dir='ltr'><strong>consecutus,</strong></span> <span class='ocrx_word' id='word_1_30' title='bbox 805 676 898 719; x_wconf 91' lang='lat' dir='ltr'><strong>arma</strong></span> <span class='ocrx_word' id='word_1_31' title='bbox 912 651 1069 734; x_wconf 81' lang='lat' dir='ltr'><strong>conferri,</strong></span> <span class='ocrx_word' id='word_1_32' title='bbox 1091 675 1197 741; x_wconf 90' lang='lat' dir='ltr'><strong>equos</strong></span> 
     </span>
     <span class='ocr_line' id='line_1_5' title="bbox 111 737 1241 828; baseline 0.003 -21"><span class='ocrx_word' id='word_1_33' title='bbox 111 737 275 828; x_wconf 87' lang='lat' dir='ltr'><strong>produci,</strong></span> <span class='ocrx_word' id='word_1_34' title='bbox 305 740 383 807; x_wconf 81' lang='lat' dir='ltr'><strong>obsi</strong></span> <span class='ocrx_word' id='word_1_35' title='bbox 409 763 447 806; x_wconf 91' lang='lat' dir='ltr'><strong>es</strong></span> <span class='ocrx_word' id='word_1_36' title='bbox 479 739 555 807; x_wconf 88' lang='lat' dir='ltr'><strong>dari</strong></span> <span class='ocrx_word' id='word_1_37' title='bbox 581 740 688 809; x_wconf 88' lang='lat' dir='ltr'><strong>iubet.</strong></span> <span class='ocrx_word' id='word_1_38' title='bbox 733 739 842 807; x_wconf 84' lang='lat' dir='ltr'><strong>Parte·</strong></span> <span class='ocrx_word' id='word_1_39' title='bbox 858 743 926 807; x_wconf 91' lang='lat' dir='ltr'><strong>iam</strong></span> <span class='ocrx_word' id='word_1_40' title='bbox 949 739 1102 805; x_wconf 87' lang='lat' dir='ltr'><strong>obsidum</strong></span> <span class='ocrx_word' id='word_1_41' title='bbox 1128 745 1241 810; x_wconf 79' lang='lat' dir='ltr'><strong>tra-4</strong></span> 
     </span>
     <span class='ocr_line' id='line_1_6' title="bbox 113 826 1200 915; baseline 0.001 -21"><span class='ocrx_word' id='word_1_42' title='bbox 113 827 202 911; x_wconf 87' lang='lat' dir='ltr'><strong>dita,</strong></span> <span class='ocrx_word' id='word_1_43' title='bbox 237 848 315 893; x_wconf 84' lang='lat' dir='ltr'><strong>curn</strong></span> <span class='ocrx_word' id='word_1_44' title='bbox 344 827 478 915; x_wconf 87' lang='lat' dir='ltr'><strong>reliqua</strong></span> <span class='ocrx_word' id='word_1_45' title='bbox 509 826 847 910; x_wconf 78' lang='lat' dir='ltr'><strong>administrarentur,</strong></span> <span class='ocrx_word' id='word_1_46' title='bbox 880 828 1134 895; x_wconf 74' lang='lat' dir='ltr'><strong>centurionibus</strong></span> <span class='ocrx_word' id='word_1_47' title='bbox 1164 835 1200 895; x_wconf 89' lang='lat' dir='ltr'><strong>et</strong></span> 
     </span>
     <span class='ocr_line' id='line_1_7' title="bbox 114 914 1199 1005; baseline 0 -24"><span class='ocrx_word' id='word_1_48' title='bbox 114 916 231 1005; x_wconf 83' lang='lat' dir='ltr'><strong>paucis</strong></span> <span class='ocrx_word' id='word_1_49' title='bbox 256 914 423 997; x_wconf 72' lang='lat' dir='ltr'><strong>militibus</strong></span> <span class='ocrx_word' id='word_1_50' title='bbox 446 915 666 997; x_wconf 85' lang='lat' dir='ltr'><strong>intromissis,</strong></span> <span class='ocrx_word' id='word_1_51' title='bbox 688 915 747 1002; x_wconf 90' lang='lat' dir='ltr'><strong>qui</strong></span> <span class='ocrx_word' id='word_1_52' title='bbox 770 938 863 982; x_wconf 88' lang='lat' dir='ltr'><strong>arma</strong></span> <span class='ocrx_word' id='word_1_53' title='bbox 885 918 1099 1003; x_wconf 90' lang='lat' dir='ltr'><strong>iumentaque</strong></span> <span class='ocrx_word' id='word_1_54' title='bbox 1119 938 1199 981; x_wconf 91' lang='lat' dir='ltr'><strong>con-</strong></span> 
     </span>
     <span class='ocr_line' id='line_1_8' title="bbox 136 1002 1200 1091; baseline 0.002 -24"><span class='ocrx_word' id='word_1_55' title='bbox 136 1003 302 1085; x_wconf 80' lang='lat' dir='ltr'><strong>nirerent,</strong></span> <span class='ocrx_word' id='word_1_56' title='bbox 323 1003 497 1089; x_wconf 78' lang='lat' dir='ltr'><strong>equitatus</strong></span> <span class='ocrx_word' id='word_1_57' title='bbox 511 1002 659 1069; x_wconf 88' lang='lat' dir='ltr'><strong>hostium</strong></span> <span class='ocrx_word' id='word_1_58' title='bbox 677 1005 796 1091; x_wconf 88' lang='lat' dir='ltr'><strong>procul</strong></span> <span class='ocrx_word' id='word_1_59' title='bbox 810 1005 903 1071; x_wconf 85' lang='lat' dir='ltr'><strong>visus</strong></span> <span class='ocrx_word' id='word_1_60' title='bbox 921 1011 985 1082; x_wconf 88' lang='lat' dir='ltr'><strong>eet,</strong></span> <span class='ocrx_word' id='word_1_61' title='bbox 1006 1005 1065 1090; x_wconf 91' lang='lat' dir='ltr'><strong>qui</strong></span> <span class='ocrx_word' id='word_1_62' title='bbox 1082 1027 1200 1088; x_wconf 84' lang='lat' dir='ltr'><strong>agmen</strong></span> 
     </span>
     <span class='ocr_line' id='line_1_9' title="bbox 115 1025 1243 1181; baseline 0.005 -27"><span class='ocrx_word' id='word_1_63' title='bbox 115 1025 407 1176; x_wconf 46' lang='lat' dir='ltr'><strong>lercIngetorigis</strong></span> <span class='ocrx_word' id='word_1_64' title='bbox 439 1096 678 1158; x_wconf 82' lang='lat' dir='ltr'><strong>antecesserat.</strong></span> <span class='ocrx_word' id='word_1_65' title='bbox 728 1091 837 1178; x_wconf 77' lang='lat' dir='ltr'><strong>Quem</strong></span> <span class='ocrx_word' id='word_1_66' title='bbox 866 1092 1075 1178; x_wconf 85' lang='lat' dir='ltr'><strong>simulatque</strong></span> <span class='ocrx_word' id='word_1_67' title='bbox 1103 1093 1243 1181; x_wconf 70' lang='lat' dir='ltr'><strong>oppa-5</strong></span> 
     </span>
     <span class='ocr_line' id='line_1_10' title="bbox 116 1176 1293 1266; baseline 0.002 -23"><span class='ocrx_word' id='word_1_68' title='bbox 116 1176 193 1244; x_wconf 89' lang='lat' dir='ltr'><strong>dani</strong></span> <span class='ocrx_word' id='word_1_69' title='bbox 213 1185 462 1264; x_wconf 84' lang='lat' dir='ltr'><strong>conspexerunt</strong></span> <span class='ocrx_word' id='word_1_70' title='bbox 484 1183 585 1265; x_wconf 90' lang='lat' dir='ltr'><strong>atquc</strong></span> <span class='ocrx_word' id='word_1_71' title='bbox 607 1177 643 1244; x_wconf 91' lang='lat' dir='ltr'><strong>in</strong></span> <span class='ocrx_word' id='word_1_72' title='bbox 664 1199 758 1266; x_wconf 87' lang='lat' dir='ltr'><strong>spem</strong></span> <span class='ocrx_word' id='word_1_73' title='bbox 783 1176 901 1244; x_wconf 66' lang='lat' dir='ltr'><strong>auiilii</strong></span> <span class='ocrx_word' id='word_1_74' title='bbox 921 1186 1100 1262; x_wconf 86' lang='lat' dir='ltr'><strong>venerunt,</strong></span> <span class='ocrx_word' id='word_1_75' title='bbox 1131 1183 1201 1245; x_wconf 90' lang='lat' dir='ltr'><strong>cla·</strong></span> <span class='ocrx_word' id='word_1_76' title='bbox 1290 1250 1293 1266; x_wconf 41' lang='grc' dir='ltr'>Ι</span> 
     </span>
     <span class='ocr_line' id='line_1_11' title="bbox 116 1265 1200 1354; baseline 0.003 -24"><span class='ocrx_word' id='word_1_77' title='bbox 116 1287 206 1339; x_wconf 86' lang='lat' dir='ltr'><strong>more</strong></span> <span class='ocrx_word' id='word_1_78' title='bbox 237 1266 373 1332; x_wconf 89' lang='lat' dir='ltr'><strong>sublato</strong></span> <span class='ocrx_word' id='word_1_79' title='bbox 403 1286 496 1330; x_wconf 88' lang='lat' dir='ltr'><strong>arma</strong></span> <span class='ocrx_word' id='word_1_80' title='bbox 531 1285 673 1350; x_wconf 84' lang='lat' dir='ltr'><strong>capere,</strong></span> <span class='ocrx_word' id='word_1_81' title='bbox 708 1273 827 1354; x_wconf 89' lang='lat' dir='ltr'><strong>portas</strong></span> <span class='ocrx_word' id='word_1_82' title='bbox 857 1265 1035 1349; x_wconf 87' lang='lat' dir='ltr'><strong>claudere,</strong></span> <span class='ocrx_word' id='word_1_83' title='bbox 1068 1288 1200 1333; x_wconf 91' lang='lat' dir='ltr'><strong>murum</strong></span> 
     </span>
     <span class='ocr_line' id='line_1_12' title="bbox 117 1351 1244 1441; baseline 0.001 -22"><span class='ocrx_word' id='word_1_84' title='bbox 117 1354 282 1440; x_wconf 88' lang='lat' dir='ltr'><strong>complere</strong></span> <span class='ocrx_word' id='word_1_85' title='bbox 312 1359 508 1441; x_wconf 86' lang='lat' dir='ltr'><strong>coeperunt.</strong></span> <span class='ocrx_word' id='word_1_86' title='bbox 556 1351 782 1422; x_wconf 83' lang='lat' dir='ltr'><strong>Centuriones</strong></span> <span class='ocrx_word' id='word_1_87' title='bbox 810 1354 846 1419; x_wconf 93' lang='lat' dir='ltr'><strong>in</strong></span> <span class='ocrx_word' id='word_1_88' title='bbox 876 1352 1022 1441; x_wconf 78' lang='lat' dir='ltr'><strong>oppido,</strong></span> <span class='ocrx_word' id='word_1_89' title='bbox 1056 1377 1131 1420; x_wconf 91' lang='lat' dir='ltr'><strong>cum</strong></span> <span class='ocrx_word' id='word_1_90' title='bbox 1161 1372 1244 1432; x_wconf 83' lang='lat' dir='ltr'><strong>ex6</strong></span> 
     </span>
     <span class='ocr_line' id='line_1_13' title="bbox 118 1439 1202 1530; baseline 0.001 -23"><span class='ocrx_word' id='word_1_91' title='bbox 118 1441 360 1528; x_wconf 83' lang='lat' dir='ltr'><strong>significatione</strong></span> <span class='ocrx_word' id='word_1_92' title='bbox 381 1439 560 1507; x_wconf 79' lang='lat' dir='ltr'><strong>Gallorum</strong></span> <span class='ocrx_word' id='word_1_93' title='bbox 581 1441 660 1508; x_wconf 88' lang='lat' dir='ltr'><strong>novi</strong></span> <span class='ocrx_word' id='word_1_94' title='bbox 680 1439 810 1530; x_wconf 85' lang='lat' dir='ltr'><strong>aliquid</strong></span> <span class='ocrx_word' id='word_1_95' title='bbox 833 1440 939 1507; x_wconf 87' lang='lat' dir='ltr'><strong>abiis</strong></span> <span class='ocrx_word' id='word_1_96' title='bbox 961 1441 1042 1507; x_wconf 91' lang='lat' dir='ltr'><strong>iniri</strong></span> <span class='ocrx_word' id='word_1_97' title='bbox 1066 1443 1202 1510; x_wconf 86' lang='lat' dir='ltr'><strong>consilii</strong></span> 
     </span>
    </p>
   </div>
   <div class='ocr_carea' id='block_1_3' title="bbox 122 1574 1297 2183">
    <p class='ocr_par' dir='ltr' id='par_1_3' title="bbox 182 1574 855 1642">
     <span class='ocr_line' id='line_1_14' title="bbox 182 1574 855 1642; baseline -0.004 -14"><span class='ocrx_word' id='word_1_98' title='bbox 182 1574 211 1638; x_wconf 72' lang='lat' dir='ltr'><strong>S.</strong></span> <span class='ocrx_word' id='word_1_99' title='bbox 227 1579 254 1628; x_wconf 81' lang='grc'><strong>2.</strong></span> <span class='ocrx_word' id='word_1_100' title='bbox 270 1575 440 1641; x_wconf 71' lang='lat' dir='ltr'><strong>ignosceret]</strong></span> <span class='ocrx_word' id='word_1_101' title='bbox 455 1578 644 1642; x_wconf 81' lang='lat' dir='ltr'><strong>copnosceret</strong></span> <span class='ocrx_word' id='word_1_102' title='bbox 658 1576 743 1639; x_wconf 72' lang='lat' dir='ltr'><strong>song.</strong></span> <span class='ocrx_word' id='word_1_103' title='bbox 763 1578 796 1628; x_wconf 58' lang='lat' dir='ltr'><strong>At</strong></span> <span class='ocrx_word' id='word_1_104' title='bbox 814 1577 855 1626; x_wconf 88' lang='lat' dir='ltr'><strong>Pl.</strong></span> 
     </span>
    </p>

    <p class='ocr_par' dir='ltr' id='par_1_4' title="bbox 148 1640 1206 1778">
     <span class='ocr_line' id='line_1_15' title="bbox 183 1640 1202 1715; baseline 0.001 -19"><span class='ocrx_word' id='word_1_105' title='bbox 183 1646 212 1708; x_wconf 76' lang='lat' dir='ltr'><strong>S.</strong></span> <span class='ocrx_word' id='word_1_106' title='bbox 228 1651 255 1696; x_wconf 78' lang='grc'><strong>3.</strong></span> <span class='ocrx_word' id='word_1_107' title='bbox 272 1640 404 1708; x_wconf 79' lang='lat' dir='ltr'><strong>conferri]</strong></span> <span class='ocrx_word' id='word_1_108' title='bbox 420 1647 561 1715; x_wconf 71' lang='lat' dir='ltr'><strong>proferri</strong></span> <span class='ocrx_word' id='word_1_109' title='bbox 576 1647 646 1698; x_wconf 78' lang='lat' dir='ltr'><strong>And.</strong></span> <span class='ocrx_word' id='word_1_110' title='bbox 664 1648 714 1697; x_wconf 84' lang='lat' dir='ltr'><strong>ox.</strong></span> <span class='ocrx_word' id='word_1_111' title='bbox 725 1646 777 1697; x_wconf 84' lang='lat' dir='ltr'><strong>cu.</strong></span> <span class='ocrx_word' id='word_1_112' title='bbox 794 1647 822 1695; x_wconf 83' lang='grc' dir='ltr'><strong>Ι.</strong></span> <span class='ocrx_word' id='word_1_113' title='bbox 837 1644 916 1696; x_wconf 81' lang='lat' dir='ltr'><strong>Leid.</strong></span> <span class='ocrx_word' id='word_1_114' title='bbox 931 1648 965 1700; x_wconf 82' lang='lat' dir='ltr'><strong>A.</strong></span> <span class='ocrx_word' id='word_1_115' title='bbox 983 1647 1056 1703; x_wconf 79' lang='lat' dir='ltr'><strong>flav,</strong></span> <span class='ocrx_word' id='word_1_116' title='bbox 1070 1649 1104 1699; x_wconf 78' lang='lat' dir='ltr'><strong>A.</strong></span> <span class='ocrx_word' id='word_1_117' title='bbox 1120 1648 1202 1700; x_wconf 82' lang='lat' dir='ltr'><strong>vind.</strong></span> 
     </span>
     <span class='ocr_line' id='line_1_16' title="bbox 148 1714 1206 1778; baseline 0.002 -11"><span class='ocrx_word' id='word_1_118' title='bbox 148 1717 185 1769; x_wconf 77' lang='grc' dir='ltr'><strong>Δ.</strong></span> <span class='ocrx_word' id='word_1_119' title='bbox 201 1715 284 1767; x_wconf 84' lang='lat' dir='ltr'><strong>Vrat.</strong></span> <span class='ocrx_word' id='word_1_120' title='bbox 304 1717 334 1775; x_wconf 80' lang='lat' dir='ltr'><strong>ll,</strong></span> <span class='ocrx_word' id='word_1_121' title='bbox 349 1717 413 1767; x_wconf 61' lang='lat' dir='ltr'><strong>Aldi</strong></span> <span class='ocrx_word' id='word_1_122' title='bbox 430 1717 475 1766; x_wconf 74' lang='lat' dir='ltr'><strong>alc¹</strong></span> <span class='ocrx_word' id='word_1_123' title='bbox 491 1715 540 1767; x_wconf 77' lang='lat' dir='ltr'><strong>tir.</strong></span> <span class='ocrx_word' id='word_1_124' title='bbox 559 1726 586 1765; x_wconf 85' lang='lat' dir='ltr'><strong>a.</strong></span> <span class='ocrx_word' id='word_1_125' title='bbox 605 1715 730 1766; x_wconf 81' lang='lat' dir='ltr'><strong>P.-ltlao.</strong></span> <span class='ocrx_word' id='word_1_126' title='bbox 748 1717 827 1767; x_wconf 71' lang='lat' dir='ltr'><strong>Turr-</strong></span> <span class='ocrx_word' id='word_1_127' title='bbox 845 1714 924 1778; x_wconf 68' lang='lat' dir='ltr'><strong>[lips.</strong></span> <span class='ocrx_word' id='word_1_128' title='bbox 941 1717 984 1767; x_wconf 88' lang='lat' dir='ltr'><strong>ln.</strong></span> <span class='ocrx_word' id='word_1_129' title='bbox 1003 1717 1052 1767; x_wconf 79' lang='lat' dir='ltr'><strong>tir.</strong></span> <span class='ocrx_word' id='word_1_130' title='bbox 1071 1717 1143 1768; x_wconf 83' lang='lat' dir='ltr'><strong>Dar.</strong></span> <span class='ocrx_word' id='word_1_131' title='bbox 1161 1717 1206 1770; x_wconf 84' lang='lat' dir='ltr'><strong>cl.</strong></span> 
     </span>
    </p>

    <p class='ocr_par' dir='ltr' id='par_1_5' title="bbox 122 1770 1205 1915">
     <span class='ocr_line' id='line_1_17' title="bbox 122 1770 1205 1864; baseline 0.006 -33"><span class='ocrx_word' id='word_1_132' title='bbox 122 1820 127 1831; x_wconf 86' lang='lat'><strong>.</strong></span> <span class='ocrx_word' id='word_1_133' title='bbox 149 1785 218 1838; x_wconf 80' lang='lat' dir='ltr'><strong>ond.</strong></span> <span class='ocrx_word' id='word_1_134' title='bbox 247 1784 290 1835; x_wconf 83' lang='lat' dir='ltr'><strong>cf.</strong></span> <span class='ocrx_word' id='word_1_135' title='bbox 308 1784 384 1837; x_wconf 88' lang='lat' dir='ltr'><strong>c.11</strong></span> <span class='ocrx_word' id='word_1_136' title='bbox 409 1784 436 1846; x_wconf 76' lang='lat' dir='ltr'><strong>s.</strong></span> <span class='ocrx_word' id='word_1_137' title='bbox 458 1788 486 1835; x_wconf 88' lang='lat'><strong>2.</strong></span> <span class='ocrx_word' id='word_1_138' title='bbox 501 1797 562 1864; x_wconf 58' lang='lat' dir='ltr'><strong>⁸epiro</strong></span> <span class='ocrx_word' id='word_1_139' title='bbox 579 1785 641 1836; x_wconf 91' lang='lat' dir='ltr'><strong>loco</strong></span> <span class='ocrx_word' id='word_1_140' title='bbox 659 1785 742 1849; x_wconf 88' lang='lat' dir='ltr'><strong>item,</strong></span> <span class='ocrx_word' id='word_1_141' title='bbox 767 1792 798 1834; x_wconf 85' lang='lat' dir='ltr'><strong>ut</strong></span> <span class='ocrx_word' id='word_1_142' title='bbox 814 1785 875 1850; x_wconf 87' lang='lat' dir='ltr'><strong>lroc,</strong></span> <span class='ocrx_word' id='word_1_143' title='bbox 894 1797 1012 1850; x_wconf 87' lang='lat' dir='ltr'><strong>sequens</strong></span> <span class='ocrx_word' id='word_1_144' title='bbox 1026 1770 1154 1852; x_wconf 67' lang='lat' dir='ltr'><strong>‘piroduci</strong></span> <span class='ocrx_word' id='word_1_145' title='bbox 1172 1790 1205 1840; x_wconf 85' lang='lat' dir='ltr'><strong>ad</strong></span> 
     </span>
     <span class='ocr_line' id='line_1_18' title="bbox 150 1853 881 1915; baseline -0.004 -9"><span class='ocrx_word' id='word_1_146' title='bbox 150 1854 290 1907; x_wconf 80' lang='lat' dir='ltr'><strong>uucmris</strong></span> <span class='ocrx_word' id='word_1_147' title='bbox 306 1855 432 1905; x_wconf 88' lang='lat' dir='ltr'><strong>tuendum</strong></span> <span class='ocrx_word' id='word_1_148' title='bbox 450 1853 572 1904; x_wconf 77' lang='lat' dir='ltr'><strong>adhiberi</strong></span> <span class='ocrx_word' id='word_1_149' title='bbox 590 1855 690 1915; x_wconf 84' lang='lat' dir='ltr'><strong>potest.</strong></span> <span class='ocrx_word' id='word_1_150' title='bbox 877 1881 881 1884; x_wconf 89' lang='lat'><strong>·</strong></span> 
     </span>
    </p>

    <p class='ocr_par' dir='ltr' id='par_1_6' title="bbox 146 1915 1297 2183">
     <span class='ocr_line' id='line_1_19' title="bbox 183 1915 1297 1989; baseline 0.004 -19"><span class='ocrx_word' id='word_1_151' title='bbox 183 1920 256 1985; x_wconf 67' lang='lat' dir='ltr'><strong>§.is</strong></span> <span class='ocrx_word' id='word_1_152' title='bbox 279 1921 330 1989; x_wconf 84' lang='lat' dir='ltr'><strong>iis]</strong></span> <span class='ocrx_word' id='word_1_153' title='bbox 362 1924 448 1985; x_wconf 81' lang='lat' dir='ltr'><strong>uong.</strong></span> <span class='ocrx_word' id='word_1_154' title='bbox 466 1923 500 1972; x_wconf 79' lang='lat' dir='ltr'><strong>A.</strong></span> <span class='ocrx_word' id='word_1_155' title='bbox 519 1924 561 1973; x_wconf 87' lang='lat' dir='ltr'><strong>Pl.</strong></span> <span class='ocrx_word' id='word_1_156' title='bbox 579 1923 642 1973; x_wconf 88' lang='lat' dir='ltr'><strong>Par.</strong></span> <span class='ocrx_word' id='word_1_157' title='bbox 660 1925 694 1975; x_wconf 82' lang='lat' dir='ltr'><strong>A.</strong></span> <span class='ocrx_word' id='word_1_158' title='bbox 712 1923 759 1972; x_wconf 90' lang='lat' dir='ltr'><strong>Dr.</strong></span> <span class='ocrx_word' id='word_1_159' title='bbox 778 1920 812 1974; x_wconf 79' lang='lat' dir='ltr'><strong>A.</strong></span> <span class='ocrx_word' id='word_1_160' title='bbox 829 1922 911 1974; x_wconf 83' lang='lat' dir='ltr'><strong>Vrat.</strong></span> <span class='ocrx_word' id='word_1_161' title='bbox 931 1915 963 1969; x_wconf 90' lang='grc' dir='ltr'><strong>Α.</strong></span> <span class='ocrx_word' id='word_1_162' title='bbox 980 1923 1040 1978; x_wconf 74' lang='lat' dir='ltr'><strong>cdd,</strong></span> <span class='ocrx_word' id='word_1_163' title='bbox 1059 1925 1207 1989; x_wconf 79' lang='lat' dir='ltr'><strong>pleraeque</strong></span> <span class='ocrx_word' id='word_1_164' title='bbox 1294 1920 1297 1927; x_wconf 79' lang='grc'><em>“</em></span> 
     </span>
     <span class='ocr_line' id='line_1_20' title="bbox 149 1990 1207 2055; baseline 0 -12"><span class='ocrx_word' id='word_1_165' title='bbox 149 2000 213 2043; x_wconf 80' lang='lat' dir='ltr'><strong>ante</strong></span> <span class='ocrx_word' id='word_1_166' title='bbox 232 1992 303 2044; x_wconf 82' lang='lat' dir='ltr'><strong>oud·</strong></span> <span class='ocrx_word' id='word_1_167' title='bbox 327 1992 472 2054; x_wconf 78' lang='lat' dir='ltr'><strong>quiescite</strong></span> <span class='ocrx_word' id='word_1_168' title='bbox 490 1991 602 2054; x_wconf 75' lang='lat' dir='ltr'><strong>scripsit</strong></span> <span class='ocrx_word' id='word_1_169' title='bbox 619 1990 682 2055; x_wconf 77' lang='lat' dir='ltr'><strong>leis,</strong></span> <span class='ocrx_word' id='word_1_170' title='bbox 711 1991 781 2051; x_wconf 86' lang='lat' dir='ltr'><strong>quod</strong></span> <span class='ocrx_word' id='word_1_171' title='bbox 798 1999 842 2039; x_wconf 87' lang='lat' dir='ltr'><strong>est</strong></span> <span class='ocrx_word' id='word_1_172' title='bbox 857 1990 885 2039; x_wconf 91' lang='lat' dir='ltr'><strong>in</strong></span> <span class='ocrx_word' id='word_1_173' title='bbox 899 1990 962 2040; x_wconf 80' lang='lat' dir='ltr'><strong>Pet.</strong></span> <span class='ocrx_word' id='word_1_174' title='bbox 980 1992 1065 2042; x_wconf 76' lang='lat' dir='ltr'><strong>Fater.</strong></span> <span class='ocrx_word' id='word_1_175' title='bbox 1083 1995 1154 2044; x_wconf 77' lang='lat' dir='ltr'><strong>liar.</strong></span> <span class='ocrx_word' id='word_1_176' title='bbox 1172 1998 1207 2048; x_wconf 80' lang='lat' dir='ltr'><strong>A.</strong></span> 
     </span>
     <span class='ocr_line' id='line_1_21' title="bbox 146 2058 1199 2117; baseline 0.003 -6"><span class='ocrx_word' id='word_1_177' title='bbox 146 2061 231 2112; x_wconf 74' lang='lat' dir='ltr'><strong>vind.</strong></span> <span class='ocrx_word' id='word_1_178' title='bbox 249 2061 325 2111; x_wconf 72' lang='lat' dir='ltr'><strong>llll.</strong></span> <span class='ocrx_word' id='word_1_179' title='bbox 344 2061 390 2111; x_wconf 88' lang='lat' dir='ltr'><strong>Dr.</strong></span> <span class='ocrx_word' id='word_1_180' title='bbox 408 2062 439 2111; x_wconf 84' lang='grc' dir='ltr'><strong>Β.</strong></span> <span class='ocrx_word' id='word_1_181' title='bbox 456 2059 509 2117; x_wconf 77' lang='lat' dir='ltr'><strong>(iu.</strong></span> <span class='ocrx_word' id='word_1_182' title='bbox 523 2063 596 2113; x_wconf 85' lang='lat' dir='ltr'><strong>Vcn.</strong></span> <span class='ocrx_word' id='word_1_183' title='bbox 613 2061 685 2114; x_wconf 87' lang='lat' dir='ltr'><strong>cdei.</strong></span> <span class='ocrx_word' id='word_1_184' title='bbox 704 2062 746 2113; x_wconf 78' lang='lat' dir='ltr'><strong>st.</strong></span> <span class='ocrx_word' id='word_1_185' title='bbox 760 2058 849 2110; x_wconf 84' lang='lat' dir='ltr'><strong>cr..o.</strong></span> <span class='ocrx_word' id='word_1_186' title='bbox 867 2059 951 2110; x_wconf 79' lang='lat' dir='ltr'><strong>lirell.</strong></span> <span class='ocrx_word' id='word_1_187' title='bbox 965 2059 1020 2111; x_wconf 76' lang='lat' dir='ltr'><strong>tiis</strong></span> <span class='ocrx_word' id='word_1_188' title='bbox 1035 2062 1109 2115; x_wconf 65' lang='grc' dir='ltr'><strong>(ἔστι.</strong></span> <span class='ocrx_word' id='word_1_189' title='bbox 1122 2063 1199 2116; x_wconf 76' lang='lat' dir='ltr'><strong>Fater</strong></span> 
     </span>
     <span class='ocr_line' id='line_1_22' title="bbox 148 2129 1209 2183; baseline -0.002 0"><span class='ocrx_word' id='word_1_190' title='bbox 148 2132 232 2183; x_wconf 77' lang='lat' dir='ltr'><strong>Vrat.</strong></span> <span class='ocrx_word' id='word_1_191' title='bbox 251 2129 422 2181; x_wconf 81' lang='lat' dir='ltr'><strong>uc.11cnl.</strong></span> <span class='ocrx_word' id='word_1_192' title='bbox 890 2164 894 2180; x_wconf 87' lang='lat'><strong><em>.</em></strong></span> <span class='ocrx_word' id='word_1_193' title='bbox 1037 2131 1040 2136; x_wconf 84' lang='lat'>&#39;</span> <span class='ocrx_word' id='word_1_194' title='bbox 1201 2165 1209 2181; x_wconf 85' lang='lat'><strong>.</strong></span> 
     </span>
    </p>
   </div>
   <div class='ocr_carea' id='block_1_4' title="bbox 119 2230 1228 4261">
    <p class='ocr_par' dir='ltr' id='par_1_7' title="bbox 119 2230 1228 4261">
     <span class='ocr_line' id='line_1_23' title="bbox 119 2230 1210 2314; baseline 0.003 -17"><span class='ocrx_word' id='word_1_195' title='bbox 119 2244 235 2309; x_wconf 84' lang='lat' dir='ltr'><strong>potuerit</strong></span> <span class='ocrx_word' id='word_1_196' title='bbox 250 2242 441 2298; x_wconf 78' lang='lat' dir='ltr'><strong>Noviodunum</strong></span> <span class='ocrx_word' id='word_1_197' title='bbox 458 2257 484 2299; x_wconf 88' lang='lat' dir='ltr'><strong>c.</strong></span> <span class='ocrx_word' id='word_1_198' title='bbox 502 2241 536 2297; x_wconf 88' lang='grc'><strong>55</strong></span> <span class='ocrx_word' id='word_1_199' title='bbox 552 2238 643 2310; x_wconf 81' lang='lat' dir='ltr'><strong>signi-</strong></span> <span class='ocrx_word' id='word_1_200' title='bbox 686 2255 745 2294; x_wconf 87' lang='lat' dir='ltr'><strong>rum</strong></span> <span class='ocrx_word' id='word_1_201' title='bbox 763 2249 790 2293; x_wconf 88' lang='lat' dir='ltr'><strong>ct</strong></span> <span class='ocrx_word' id='word_1_202' title='bbox 807 2244 841 2294; x_wconf 85' lang='lat' dir='ltr'><strong>ad</strong></span> <span class='ocrx_word' id='word_1_203' title='bbox 858 2243 958 2309; x_wconf 77' lang='lat' dir='ltr'><strong>lelium</strong></span> <span class='ocrx_word' id='word_1_204' title='bbox 974 2230 1210 2314; x_wconf 78' lang='lat' dir='ltr'><strong>Vercingetorigis</strong></span> 
     </span>
     <span class='ocr_line' id='line_1_24' title="bbox 121 2312 1211 2382; baseline 0.005 -18"><span class='ocrx_word' id='word_1_205' title='bbox 121 2317 226 2364; x_wconf 85' lang='lat' dir='ltr'><strong>lcatom</strong></span> <span class='ocrx_word' id='word_1_206' title='bbox 250 2313 323 2364; x_wconf 89' lang='lat' dir='ltr'><strong>idem</strong></span> <span class='ocrx_word' id='word_1_207' title='bbox 347 2326 410 2364; x_wconf 87' lang='lat' dir='ltr'><strong>esse</strong></span> <span class='ocrx_word' id='word_1_208' title='bbox 440 2323 521 2378; x_wconf 84' lang='lat' dir='ltr'><strong>etque</strong></span> <span class='ocrx_word' id='word_1_209' title='bbox 548 2327 572 2366; x_wconf 96' lang='lat' dir='ltr'><strong>c.</strong></span> <span class='ocrx_word' id='word_1_210' title='bbox 598 2316 643 2380; x_wconf 81' lang='lat'><strong>1²,</strong></span> <span class='ocrx_word' id='word_1_211' title='bbox 686 2313 855 2375; x_wconf 78' lang='lat' dir='ltr'><strong>spectabant.</strong></span> <span class='ocrx_word' id='word_1_212' title='bbox 897 2312 1016 2365; x_wconf 85' lang='lat' dir='ltr'><strong>Primum</strong></span> <span class='ocrx_word' id='word_1_213' title='bbox 1042 2317 1152 2382; x_wconf 83' lang='lat' dir='ltr'><strong>fuerat,</strong></span> <span class='ocrx_word' id='word_1_214' title='bbox 1180 2324 1211 2369; x_wconf 85' lang='lat' dir='ltr'><strong>ut</strong></span> 
     </span>
     <span class='ocr_line' id='line_1_25' title="bbox 121 2381 1212 2450; baseline 0.004 -16"><span class='ocrx_word' id='word_1_215' title='bbox 121 2384 232 2434; x_wconf 88' lang='lat' dir='ltr'><strong>dilticile</strong></span> <span class='ocrx_word' id='word_1_216' title='bbox 253 2384 327 2434; x_wconf 86' lang='lat' dir='ltr'><strong>dictu</strong></span> <span class='ocrx_word' id='word_1_217' title='bbox 346 2391 398 2437; x_wconf 86' lang='lat' dir='ltr'><strong>est.</strong></span> <span class='ocrx_word' id='word_1_218' title='bbox 432 2387 476 2436; x_wconf 78' lang='lat' dir='ltr'><strong>An</strong></span> <span class='ocrx_word' id='word_1_219' title='bbox 499 2383 576 2445; x_wconf 82' lang='lat' dir='ltr'><strong>ripae</strong></span> <span class='ocrx_word' id='word_1_220' title='bbox 595 2383 645 2434; x_wconf 79' lang='lat' dir='ltr'><strong>Li·</strong></span> <span class='ocrx_word' id='word_1_221' title='bbox 684 2394 720 2432; x_wconf 91' lang='lat' dir='ltr'><strong>ne</strong></span> <span class='ocrx_word' id='word_1_222' title='bbox 745 2381 820 2442; x_wconf 88' lang='lat' dir='ltr'><strong>prius</strong></span> <span class='ocrx_word' id='word_1_223' title='bbox 839 2381 968 2432; x_wconf 84' lang='lat' dir='ltr'><strong>dimicare</strong></span> <span class='ocrx_word' id='word_1_224' title='bbox 988 2384 1110 2445; x_wconf 71' lang='lat' dir='ltr'><strong>legiones</strong></span> <span class='ocrx_word' id='word_1_225' title='bbox 1129 2399 1212 2450; x_wconf 83' lang='lat' dir='ltr'><strong>coge-</strong></span> 
     </span>
     <span class='ocr_line' id='line_1_26' title="bbox 120 2452 1214 2518; baseline 0.004 -16"><span class='ocrx_word' id='word_1_226' title='bbox 120 2455 209 2518; x_wconf 65' lang='lat' dir='ltr'><strong>reris,</strong></span> <span class='ocrx_word' id='word_1_227' title='bbox 239 2455 309 2517; x_wconf 91' lang='lat' dir='ltr'><strong>quod</strong></span> <span class='ocrx_word' id='word_1_228' title='bbox 333 2456 431 2503; x_wconf 86' lang='lat' dir='ltr'><strong>ssomcu</strong></span> <span class='ocrx_word' id='word_1_229' title='bbox 452 2452 590 2516; x_wconf 84' lang='lat' dir='ltr'><strong>Bituriges</strong></span> <span class='ocrx_word' id='word_1_230' title='bbox 609 2453 644 2502; x_wconf 85' lang='lat' dir='ltr'><strong>ab</strong></span> <span class='ocrx_word' id='word_1_231' title='bbox 685 2458 797 2515; x_wconf 88' lang='lat' dir='ltr'><strong>rentur,</strong></span> <span class='ocrx_word' id='word_1_232' title='bbox 814 2465 893 2515; x_wconf 86' lang='lat' dir='ltr'><strong>quarn</strong></span> <span class='ocrx_word' id='word_1_233' title='bbox 913 2453 974 2514; x_wconf 89' lang='lat' dir='ltr'><strong>ipse</strong></span> <span class='ocrx_word' id='word_1_234' title='bbox 990 2455 1025 2504; x_wconf 84' lang='lat' dir='ltr'><strong>ad</strong></span> <span class='ocrx_word' id='word_1_235' title='bbox 1044 2467 1093 2503; x_wconf 84' lang='lat' dir='ltr'><strong>eae</strong></span> <span class='ocrx_word' id='word_1_236' title='bbox 1112 2456 1214 2518; x_wconf 68' lang='lat' dir='ltr'><strong>pervc2</strong></span> 
     </span>
     <span class='ocr_line' id='line_1_27' title="bbox 120 2520 1214 2590; baseline 0.003 -17"><span class='ocrx_word' id='word_1_237' title='bbox 120 2520 241 2573; x_wconf 84' lang='lat' dir='ltr'><strong>llaednis</strong></span> <span class='ocrx_word' id='word_1_238' title='bbox 268 2522 423 2589; x_wconf 78' lang='lat' dir='ltr'><strong>dividebat,</strong></span> <span class='ocrx_word' id='word_1_239' title='bbox 453 2534 478 2572; x_wconf 92' lang='lat' dir='ltr'><strong>c.</strong></span> <span class='ocrx_word' id='word_1_240' title='bbox 497 2522 531 2574; x_wconf 90' lang='grc'><strong>55</strong></span> <span class='ocrx_word' id='word_1_241' title='bbox 556 2522 644 2571; x_wconf 87' lang='lat' dir='ltr'><strong>dictas</strong></span> <span class='ocrx_word' id='word_1_242' title='bbox 686 2520 785 2585; x_wconf 75' lang='lat' dir='ltr'><strong>nisset,</strong></span> <span class='ocrx_word' id='word_1_243' title='bbox 805 2523 964 2590; x_wconf 79' lang='lat' dir='ltr'><strong>secundom,</strong></span> <span class='ocrx_word' id='word_1_244' title='bbox 982 2527 1011 2572; x_wconf 91' lang='lat' dir='ltr'><strong>ut</strong></span> <span class='ocrx_word' id='word_1_245' title='bbox 1028 2524 1214 2587; x_wconf 84' lang='lat' dir='ltr'><strong>provinciales</strong></span> 
     </span>
     <span class='ocr_line' id='line_1_28' title="bbox 121 2590 1214 2656; baseline 0.002 -14"><span class='ocrx_word' id='word_1_246' title='bbox 121 2594 211 2642; x_wconf 90' lang='lat' dir='ltr'><strong>nullas</strong></span> <span class='ocrx_word' id='word_1_247' title='bbox 238 2591 293 2642; x_wconf 80' lang='lat' dir='ltr'><strong>nisi</strong></span> <span class='ocrx_word' id='word_1_248' title='bbox 316 2591 444 2641; x_wconf 85' lang='lat' dir='ltr'><strong>sinistras</strong></span> <span class='ocrx_word' id='word_1_249' title='bbox 463 2592 496 2640; x_wconf 88' lang='lat' dir='ltr'><strong>et</strong></span> <span class='ocrx_word' id='word_1_250' title='bbox 520 2591 645 2652; x_wconf 89' lang='lat' dir='ltr'><strong>oppidum</strong></span> <span class='ocrx_word' id='word_1_251' title='bbox 687 2592 821 2652; x_wconf 84' lang='lat' dir='ltr'><strong>tueretur,</strong></span> <span class='ocrx_word' id='word_1_252' title='bbox 838 2590 957 2656; x_wconf 85' lang='lat' dir='ltr'><strong>tertium,</strong></span> <span class='ocrx_word' id='word_1_253' title='bbox 973 2592 1090 2643; x_wconf 79' lang='lat' dir='ltr'><strong>irtiioios</strong></span> <span class='ocrx_word' id='word_1_254' title='bbox 1110 2595 1214 2647; x_wconf 85' lang='lat' dir='ltr'><strong>ohsidi-</strong></span> 
     </span>
     <span class='ocr_line' id='line_1_29' title="bbox 122 2654 1213 2724; baseline 0.005 -12"><span class='ocrx_word' id='word_1_255' title='bbox 122 2663 153 2712; x_wconf 81' lang='lat' dir='ltr'><strong>ab</strong></span> <span class='ocrx_word' id='word_1_256' title='bbox 169 2659 293 2713; x_wconf 84' lang='lat' dir='ltr'><strong>exercitu</strong></span> <span class='ocrx_word' id='word_1_257' title='bbox 309 2654 437 2724; x_wconf 71' lang='lat' dir='ltr'><strong>Ligerem</strong></span> <span class='ocrx_word' id='word_1_258' title='bbox 453 2663 645 2721; x_wconf 84' lang='lat' dir='ltr'><strong>traduceoop·</strong></span> <span class='ocrx_word' id='word_1_259' title='bbox 688 2670 740 2708; x_wconf 87' lang='lat' dir='ltr'><strong>oue</strong></span> <span class='ocrx_word' id='word_1_260' title='bbox 758 2658 896 2710; x_wconf 81' lang='lat' dir='ltr'><strong>liberaret.</strong></span> <span class='ocrx_word' id='word_1_261' title='bbox 936 2665 1026 2723; x_wconf 80' lang='lat' dir='ltr'><strong>Atque</strong></span> <span class='ocrx_word' id='word_1_262' title='bbox 1045 2665 1137 2714; x_wconf 75' lang='lat' dir='ltr'><strong>horeum</strong></span> <span class='ocrx_word' id='word_1_263' title='bbox 1157 2678 1213 2716; x_wconf 91' lang='lat' dir='ltr'><strong>nou</strong></span> 
     </span>
     <span class='ocr_line' id='line_1_30' title="bbox 121 2728 1214 2795; baseline 0.006 -17"><span class='ocrx_word' id='word_1_264' title='bbox 121 2738 269 2795; x_wconf 79' lang='lat' dir='ltr'><strong>pugnatum</strong></span> <span class='ocrx_word' id='word_1_265' title='bbox 302 2733 406 2780; x_wconf 89' lang='lat' dir='ltr'><strong>nullum</strong></span> <span class='ocrx_word' id='word_1_266' title='bbox 434 2730 489 2780; x_wconf 91' lang='lat' dir='ltr'><strong>nisi</strong></span> <span class='ocrx_word' id='word_1_267' title='bbox 513 2731 548 2779; x_wconf 85' lang='lat' dir='ltr'><strong>ed</strong></span> <span class='ocrx_word' id='word_1_268' title='bbox 572 2729 648 2789; x_wconf 86' lang='lat' dir='ltr'><strong>ripas</strong></span> <span class='ocrx_word' id='word_1_269' title='bbox 690 2728 910 2789; x_wconf 85' lang='lat' dir='ltr'><strong>eclumprlnom</strong></span> <span class='ocrx_word' id='word_1_270' title='bbox 928 2738 956 2779; x_wconf 89' lang='lat' dir='ltr'><strong>et</strong></span> <span class='ocrx_word' id='word_1_271' title='bbox 973 2733 1137 2795; x_wconf 82' lang='lat' dir='ltr'><strong>secundum,</strong></span> <span class='ocrx_word' id='word_1_272' title='bbox 1164 2737 1214 2785; x_wconf 89' lang='lat' dir='ltr'><strong>sed</strong></span> 
     </span>
     <span class='ocr_line' id='line_1_31' title="bbox 122 2786 1215 2864; baseline 0.005 -16"><span class='ocrx_word' id='word_1_273' title='bbox 122 2799 229 2862; x_wconf 77' lang='lat' dir='ltr'><strong>Ligeris</strong></span> <span class='ocrx_word' id='word_1_274' title='bbox 243 2800 360 2861; x_wconf 82' lang='lat' dir='ltr'><strong>positum</strong></span> <span class='ocrx_word' id='word_1_275' title='bbox 375 2810 438 2850; x_wconf 82' lang='lat' dir='ltr'><strong>esse</strong></span> <span class='ocrx_word' id='word_1_276' title='bbox 452 2800 573 2863; x_wconf 88' lang='lat' dir='ltr'><strong>potuisse</strong></span> <span class='ocrx_word' id='word_1_277' title='bbox 587 2786 656 2848; x_wconf 69' lang='lat' dir='ltr'><strong>exi-³</strong></span> <span class='ocrx_word' id='word_1_278' title='bbox 690 2797 774 2847; x_wconf 84' lang='lat' dir='ltr'><strong>etiarn</strong></span> <span class='ocrx_word' id='word_1_279' title='bbox 791 2798 909 2864; x_wconf 79' lang='lat' dir='ltr'><strong>certium,</strong></span> <span class='ocrx_word' id='word_1_280' title='bbox 927 2807 957 2848; x_wconf 90' lang='lat' dir='ltr'><strong>ut</strong></span> <span class='ocrx_word' id='word_1_281' title='bbox 974 2798 1000 2859; x_wconf 75' lang='lat' dir='ltr'><strong>S.</strong></span> <span class='ocrx_word' id='word_1_282' title='bbox 1016 2804 1029 2849; x_wconf 84' lang='lat' dir='ltr'><strong>l</strong></span> <span class='ocrx_word' id='word_1_283' title='bbox 1044 2790 1215 2854; x_wconf 83' lang='lat' dir='ltr'><strong>demonstra-</strong></span> 
     </span>
     <span class='ocr_line' id='line_1_32' title="bbox 123 2863 1216 2928; baseline 0.005 -10"><span class='ocrx_word' id='word_1_284' title='bbox 123 2863 271 2920; x_wconf 72' lang='lat' dir='ltr'><strong>racanati</strong></span> <span class='ocrx_word' id='word_1_285' title='bbox 693 2874 748 2916; x_wconf 91' lang='lat' dir='ltr'><strong>tum</strong></span> <span class='ocrx_word' id='word_1_286' title='bbox 767 2868 819 2928; x_wconf 90' lang='lat' dir='ltr'><strong>est,</strong></span> <span class='ocrx_word' id='word_1_287' title='bbox 838 2876 1000 2918; x_wconf 88' lang='lat' dir='ltr'><strong>consecutus</strong></span> <span class='ocrx_word' id='word_1_288' title='bbox 1017 2869 1072 2918; x_wconf 85' lang='lat' dir='ltr'><strong>iam</strong></span> <span class='ocrx_word' id='word_1_289' title='bbox 1090 2874 1151 2920; x_wconf 90' lang='lat' dir='ltr'><strong>erat</strong></span> <span class='ocrx_word' id='word_1_290' title='bbox 1167 2887 1216 2923; x_wconf 92' lang='lat' dir='ltr'><strong>ce-</strong></span> 
     </span>
     <span class='ocr_line' id='line_1_33' title="bbox 170 2935 1218 3006; baseline 0.003 -19"><span class='ocrx_word' id='word_1_291' title='bbox 170 2938 199 2998; x_wconf 72' lang='lat'><strong>8.</strong></span> <span class='ocrx_word' id='word_1_292' title='bbox 218 2941 235 2987; x_wconf 75' lang='grc'><strong>3</strong></span> <span class='ocrx_word' id='word_1_293' title='bbox 253 2947 283 2986; x_wconf 90' lang='lat' dir='ltr'><strong>ut</strong></span> <span class='ocrx_word' id='word_1_294' title='bbox 299 2935 648 2996; x_wconf 86' lang='lat' dir='ltr'><strong>celeritate-consecutos]</strong></span> <span class='ocrx_word' id='word_1_295' title='bbox 692 2936 819 2998; x_wconf 86' lang='lat' dir='ltr'><strong>leritale;</strong></span> <span class='ocrx_word' id='word_1_296' title='bbox 850 2938 899 3006; x_wconf 70' lang='lat' dir='ltr'><strong>aed</strong></span> <span class='ocrx_word' id='word_1_297' title='bbox 924 2951 975 3000; x_wconf 91' lang='lat' dir='ltr'><strong>quo</strong></span> <span class='ocrx_word' id='word_1_298' title='bbox 993 2942 1113 3000; x_wconf 87' lang='lat' dir='ltr'><strong>tempore</strong></span> <span class='ocrx_word' id='word_1_299' title='bbox 1132 2941 1218 3006; x_wconf 82' lang='lat' dir='ltr'><strong>legati</strong></span> 
     </span>
     <span class='ocr_line' id='line_1_34' title="bbox 124 3005 1218 3071; baseline 0.004 -14"><span class='ocrx_word' id='word_1_300' title='bbox 124 3008 199 3057; x_wconf 87' lang='lat' dir='ltr'><strong>ilaec</strong></span> <span class='ocrx_word' id='word_1_301' title='bbox 217 3007 356 3068; x_wconf 83' lang='lat' dir='ltr'><strong>pertinent</strong></span> <span class='ocrx_word' id='word_1_302' title='bbox 370 3009 406 3058; x_wconf 84' lang='lat' dir='ltr'><strong>ad</strong></span> <span class='ocrx_word' id='word_1_303' title='bbox 423 3007 568 3068; x_wconf 84' lang='lat' dir='ltr'><strong>spodosin,</strong></span> <span class='ocrx_word' id='word_1_304' title='bbox 594 3017 649 3054; x_wconf 90' lang='lat' dir='ltr'><strong>nou</strong></span> <span class='ocrx_word' id='word_1_305' title='bbox 694 3005 943 3056; x_wconf 83' lang='lat' dir='ltr'><strong>Noviodunensium</strong></span> <span class='ocrx_word' id='word_1_306' title='bbox 958 3011 991 3056; x_wconf 92' lang='lat' dir='ltr'><strong>de</strong></span> <span class='ocrx_word' id='word_1_307' title='bbox 1005 3009 1218 3071; x_wconf 73' lang='lat' dir='ltr'><strong>deditioneage-</strong></span> 
     </span>
     <span class='ocr_line' id='line_1_35' title="bbox 125 3074 1219 3141; baseline 0.001 -14"><span class='ocrx_word' id='word_1_308' title='bbox 125 3079 160 3127; x_wconf 86' lang='lat' dir='ltr'><strong>ad</strong></span> <span class='ocrx_word' id='word_1_309' title='bbox 183 3077 323 3139; x_wconf 84' lang='lat' dir='ltr'><strong>protasin,</strong></span> <span class='ocrx_word' id='word_1_310' title='bbox 353 3088 405 3138; x_wconf 90' lang='lat' dir='ltr'><strong>quo</strong></span> <span class='ocrx_word' id='word_1_311' title='bbox 430 3079 521 3128; x_wconf 88' lang='lat' dir='ltr'><strong>relata</strong></span> <span class='ocrx_word' id='word_1_312' title='bbox 546 3080 609 3124; x_wconf 87' lang='lat' dir='ltr'><strong>sunt</strong></span> <span class='ocrx_word' id='word_1_313' title='bbox 632 3083 650 3122; x_wconf 78' lang='lat' dir='ltr'><strong>a</strong></span> <span class='ocrx_word' id='word_1_314' title='bbox 691 3075 773 3141; x_wconf 86' lang='lat' dir='ltr'><strong>bant,</strong></span> <span class='ocrx_word' id='word_1_315' title='bbox 802 3074 829 3123; x_wconf 94' lang='lat' dir='ltr'><strong>id</strong></span> <span class='ocrx_word' id='word_1_316' title='bbox 846 3079 961 3125; x_wconf 91' lang='lat' dir='ltr'><strong>nondum</strong></span> <span class='ocrx_word' id='word_1_317' title='bbox 979 3079 1114 3141; x_wconf 80' lang='lat' dir='ltr'><strong>cognitum</strong></span> <span class='ocrx_word' id='word_1_318' title='bbox 1133 3081 1219 3131; x_wconf 85' lang='lat' dir='ltr'><strong>lrabe-</strong></span> 
     </span>
     <span class='ocr_line' id='line_1_36' title="bbox 126 3143 1218 3213; baseline 0 -16"><span class='ocrx_word' id='word_1_319' title='bbox 126 3147 274 3197; x_wconf 75' lang='lat' dir='ltr'><strong>l&#39;ctrarclra</strong></span> <span class='ocrx_word' id='word_1_320' title='bbox 297 3145 369 3201; x_wconf 70' lang='lat' dir='ltr'><strong>ilict.</strong></span> <span class='ocrx_word' id='word_1_321' title='bbox 390 3145 440 3213; x_wconf 86' lang='grc'><strong>16,</strong></span> <span class='ocrx_word' id='word_1_322' title='bbox 469 3148 518 3196; x_wconf 82' lang='lat'><strong>19:</strong></span> <span class='ocrx_word' id='word_1_323' title='bbox 550 3143 651 3207; x_wconf 86' lang='lat' dir='ltr'><strong>oront,</strong></span> <span class='ocrx_word' id='word_1_324' title='bbox 693 3145 749 3195; x_wconf 82' lang='lat' dir='ltr'><strong>bat.</strong></span> <span class='ocrx_word' id='word_1_325' title='bbox 784 3144 881 3207; x_wconf 84' lang='lat' dir='ltr'><strong>ltaque</strong></span> <span class='ocrx_word' id='word_1_326' title='bbox 903 3146 1146 3213; x_wconf 73' lang='lat' dir='ltr'><strong>distintamque,</strong></span> <span class='ocrx_word' id='word_1_327' title='bbox 1178 3163 1218 3197; x_wconf 88' lang='lat' dir='ltr'><strong>sc.</strong></span> 
     </span>
     <span class='ocr_line' id='line_1_37' title="bbox 126 3215 1219 3280; baseline 0.001 -13"><span class='ocrx_word' id='word_1_328' title='bbox 126 3229 161 3267; x_wconf 86' lang='lat' dir='ltr'><strong>ne</strong></span> <span class='ocrx_word' id='word_1_329' title='bbox 180 3215 210 3264; x_wconf 88' lang='lat' dir='ltr'><strong>in</strong></span> <span class='ocrx_word' id='word_1_330' title='bbox 234 3228 283 3279; x_wconf 73' lang='lat' dir='ltr'><strong>eos</strong></span> <span class='ocrx_word' id='word_1_331' title='bbox 299 3215 422 3279; x_wconf 78' lang='lat' dir='ltr'><strong>praeter</strong></span> <span class='ocrx_word' id='word_1_332' title='bbox 439 3227 524 3266; x_wconf 78' lang='lat' dir='ltr'><strong>suurn</strong></span> <span class='ocrx_word' id='word_1_333' title='bbox 540 3223 652 3263; x_wconf 83' lang='lat' dir='ltr'><strong>rnorem</strong></span> <span class='ocrx_word' id='word_1_334' title='bbox 693 3225 803 3276; x_wconf 88' lang='lat' dir='ltr'><strong>eorum,</strong></span> <span class='ocrx_word' id='word_1_335' title='bbox 828 3225 898 3275; x_wconf 86' lang='lat' dir='ltr'><strong>qnae</strong></span> <span class='ocrx_word' id='word_1_336' title='bbox 918 3217 1024 3278; x_wconf 78' lang='lat' dir='ltr'><strong>agenda</strong></span> <span class='ocrx_word' id='word_1_337' title='bbox 1042 3228 1219 3280; x_wconf 60' lang='lat' dir='ltr'><strong>susceperam</strong></span> 
     </span>
     <span class='ocr_line' id='line_1_38' title="bbox 125 3284 1219 3351; baseline 0.001 -16"><span class='ocrx_word' id='word_1_338' title='bbox 125 3284 238 3335; x_wconf 83' lang='lat' dir='ltr'><strong>saeviet</strong></span> <span class='ocrx_word' id='word_1_339' title='bbox 255 3297 328 3335; x_wconf 82' lang='lat' dir='ltr'><strong>ncne</strong></span> <span class='ocrx_word' id='word_1_340' title='bbox 344 3296 400 3347; x_wconf 81' lang='lat' dir='ltr'><strong>pro</strong></span> <span class='ocrx_word' id='word_1_341' title='bbox 418 3287 478 3336; x_wconf 83' lang='lat' dir='ltr'><strong>tom</strong></span> <span class='ocrx_word' id='word_1_342' title='bbox 494 3284 652 3334; x_wconf 79' lang='lat' dir='ltr'><strong>levicooea</strong></span> <span class='ocrx_word' id='word_1_343' title='bbox 694 3296 729 3331; x_wconf 86' lang='lat' dir='ltr'><strong>ex</strong></span> <span class='ocrx_word' id='word_1_344' title='bbox 760 3284 857 3345; x_wconf 85' lang='lat' dir='ltr'><strong>quibus</strong></span> <span class='ocrx_word' id='word_1_345' title='bbox 888 3296 969 3332; x_wconf 89' lang='lat' dir='ltr'><strong>uuum</strong></span> <span class='ocrx_word' id='word_1_346' title='bbox 992 3285 1123 3345; x_wconf 88' lang='lat' dir='ltr'><strong>reliquum</strong></span> <span class='ocrx_word' id='word_1_347' title='bbox 1147 3295 1219 3351; x_wconf 88' lang='lat' dir='ltr'><strong>erat,</strong></span> 
     </span>
     <span class='ocr_line' id='line_1_39' title="bbox 128 3352 1220 3418; baseline 0.001 -13"><span class='ocrx_word' id='word_1_348' title='bbox 128 3356 162 3405; x_wconf 85' lang='lat' dir='ltr'><strong>dc</strong></span> <span class='ocrx_word' id='word_1_349' title='bbox 179 3362 235 3404; x_wconf 68' lang='lat' dir='ltr'><strong>orsa</strong></span> <span class='ocrx_word' id='word_1_350' title='bbox 250 3354 405 3405; x_wconf 81' lang='lat' dir='ltr'><strong>celeritate</strong></span> <span class='ocrx_word' id='word_1_351' title='bbox 427 3354 536 3418; x_wconf 80' lang='lat' dir='ltr'><strong>aliquid</strong></span> <span class='ocrx_word' id='word_1_352' title='bbox 554 3353 652 3402; x_wconf 82' lang='lat' dir='ltr'><strong>inter·</strong></span> <span class='ocrx_word' id='word_1_353' title='bbox 695 3354 806 3415; x_wconf 89' lang='lat' dir='ltr'><strong>quodet</strong></span> <span class='ocrx_word' id='word_1_354' title='bbox 823 3352 910 3412; x_wconf 85' lang='lat' dir='ltr'><strong>ipsum</strong></span> <span class='ocrx_word' id='word_1_355' title='bbox 929 3353 1071 3403; x_wconf 87' lang='lat' dir='ltr'><strong>celeritate</strong></span> <span class='ocrx_word' id='word_1_356' title='bbox 1085 3355 1220 3406; x_wconf 82' lang='lat' dir='ltr'><strong>corificere</strong></span> 
     </span>
     <span class='ocr_line' id='line_1_40' title="bbox 128 3420 1221 3489; baseline -0.007 -15"><span class='ocrx_word' id='word_1_357' title='bbox 128 3424 244 3488; x_wconf 80' lang='lat' dir='ltr'><strong>arittot,</strong></span> <span class='ocrx_word' id='word_1_358' title='bbox 277 3436 352 3489; x_wconf 79' lang='lat' dir='ltr'><strong>quere</strong></span> <span class='ocrx_word' id='word_1_359' title='bbox 377 3425 422 3473; x_wconf 83' lang='lat' dir='ltr'><strong>toi</strong></span> <span class='ocrx_word' id='word_1_360' title='bbox 445 3425 487 3474; x_wconf 83' lang='lat' dir='ltr'><strong>liti</strong></span> <span class='ocrx_word' id='word_1_361' title='bbox 511 3420 653 3474; x_wconf 82' lang='lat' dir='ltr'><strong>uictorias</strong></span> <span class='ocrx_word' id='word_1_362' title='bbox 696 3422 816 3473; x_wconf 84' lang='lat' dir='ltr'><strong>volebat.</strong></span> <span class='ocrx_word' id='word_1_363' title='bbox 847 3424 921 3471; x_wconf 84' lang='lat' dir='ltr'><strong>llaec</strong></span> <span class='ocrx_word' id='word_1_364' title='bbox 936 3422 1124 3485; x_wconf 84' lang='lat' dir='ltr'><strong>interpretatio</strong></span> <span class='ocrx_word' id='word_1_365' title='bbox 1139 3438 1221 3484; x_wconf 77' lang='lat' dir='ltr'><strong>prae.</strong></span> 
     </span>
     <span class='ocr_line' id='line_1_41' title="bbox 128 3490 1221 3559; baseline 0.003 -16"><span class='ocrx_word' id='word_1_366' title='bbox 128 3493 313 3559; x_wconf 67' lang='lat' dir='ltr'><strong>peperisset,</strong></span> <span class='ocrx_word' id='word_1_367' title='bbox 328 3493 379 3544; x_wconf 83' lang='lat' dir='ltr'><strong>sed</strong></span> <span class='ocrx_word' id='word_1_368' title='bbox 398 3491 438 3543; x_wconf 81' lang='lat' dir='ltr'><strong>eis</strong></span> <span class='ocrx_word' id='word_1_369' title='bbox 455 3493 534 3543; x_wconf 81' lang='lat' dir='ltr'><strong>citae</strong></span> <span class='ocrx_word' id='word_1_370' title='bbox 553 3490 654 3542; x_wconf 62' lang='lat' dir='ltr'><strong>dinem·</strong></span> <span class='ocrx_word' id='word_1_371' title='bbox 695 3491 809 3540; x_wconf 84' lang='lat' dir='ltr'><strong>ferenda</strong></span> <span class='ocrx_word' id='word_1_372' title='bbox 826 3493 937 3540; x_wconf 84' lang='lat' dir='ltr'><strong>videtur</strong></span> <span class='ocrx_word' id='word_1_373' title='bbox 954 3492 996 3554; x_wconf 91' lang='lat' dir='ltr'><strong>ei,</strong></span> <span class='ocrx_word' id='word_1_374' title='bbox 1020 3504 1089 3554; x_wconf 89' lang='lat' dir='ltr'><strong>quae</strong></span> <span class='ocrx_word' id='word_1_375' title='bbox 1107 3495 1142 3542; x_wconf 88' lang='lat' dir='ltr'><strong>ad</strong></span> <span class='ocrx_word' id='word_1_376' title='bbox 1157 3497 1221 3559; x_wconf 73' lang='lat' dir='ltr'><strong>prle-</strong></span> 
     </span>
     <span class='ocr_line' id='line_1_42' title="bbox 129 3560 1223 3629; baseline 0 -16"><span class='ocrx_word' id='word_1_377' title='bbox 129 3563 169 3613; x_wconf 83' lang='lat' dir='ltr'><strong>sis</strong></span> <span class='ocrx_word' id='word_1_378' title='bbox 182 3561 313 3628; x_wconf 69' lang='lat' dir='ltr'><strong>feliciter</strong></span> <span class='ocrx_word' id='word_1_379' title='bbox 324 3563 538 3629; x_wconf 78' lang='lat' dir='ltr'><strong>proprediotur</strong></span> <span class='ocrx_word' id='word_1_380' title='bbox 551 3562 589 3611; x_wconf 83' lang='lat' dir='ltr'><strong>ati</strong></span> <span class='ocrx_word' id='word_1_381' title='bbox 603 3571 655 3611; x_wconf 83' lang='lat' dir='ltr'><strong>re·</strong></span> <span class='ocrx_word' id='word_1_382' title='bbox 695 3572 790 3624; x_wconf 81' lang='lat' dir='ltr'><strong>reque</strong></span> <span class='ocrx_word' id='word_1_383' title='bbox 807 3561 902 3609; x_wconf 83' lang='lat' dir='ltr'><strong>audire</strong></span> <span class='ocrx_word' id='word_1_384' title='bbox 920 3560 993 3609; x_wconf 86' lang='lat' dir='ltr'><strong>iubet</strong></span> <span class='ocrx_word' id='word_1_385' title='bbox 1009 3571 1122 3626; x_wconf 88' lang='lat' dir='ltr'><strong>corum,</strong></span> <span class='ocrx_word' id='word_1_386' title='bbox 1152 3577 1223 3628; x_wconf 88' lang='lat' dir='ltr'><strong>quac</strong></span> 
     </span>
     <span class='ocr_line' id='line_1_43' title="bbox 130 3625 1223 3698; baseline 0.002 -17"><span class='ocrx_word' id='word_1_387' title='bbox 130 3644 195 3697; x_wconf 84' lang='lat' dir='ltr'><strong>qua.</strong></span> <span class='ocrx_word' id='word_1_388' title='bbox 239 3631 308 3683; x_wconf 85' lang='lat' dir='ltr'><strong>Piae</strong></span> <span class='ocrx_word' id='word_1_389' title='bbox 335 3643 439 3693; x_wconf 76' lang='lat' dir='ltr'><strong>preces</strong></span> <span class='ocrx_word' id='word_1_390' title='bbox 464 3625 655 3685; x_wconf 72' lang='lat' dir='ltr'><strong>videdanluir</strong></span> <span class='ocrx_word' id='word_1_391' title='bbox 698 3638 860 3679; x_wconf 80' lang='lat' dir='ltr'><strong>consecutus</strong></span> <span class='ocrx_word' id='word_1_392' title='bbox 893 3631 962 3678; x_wconf 85' lang='lat' dir='ltr'><strong>eret.</strong></span> <span class='ocrx_word' id='word_1_393' title='bbox 1004 3630 1073 3679; x_wconf 86' lang='lat' dir='ltr'><strong>Nam</strong></span> <span class='ocrx_word' id='word_1_394' title='bbox 1103 3629 1128 3680; x_wconf 84' lang='lat' dir='ltr'><strong>si</strong></span> <span class='ocrx_word' id='word_1_395' title='bbox 1159 3634 1223 3698; x_wconf 91' lang='lat' dir='ltr'><strong>quid</strong></span> 
     </span>
     <span class='ocr_line' id='line_1_44' title="bbox 130 3698 1224 3767; baseline 0.003 -17"><span class='ocrx_word' id='word_1_396' title='bbox 130 3700 262 3767; x_wconf 68' lang='lat' dir='ltr'><strong>flectitm</strong></span> <span class='ocrx_word' id='word_1_397' title='bbox 291 3701 389 3765; x_wconf 83' lang='lat' dir='ltr'><strong>itaque</strong></span> <span class='ocrx_word' id='word_1_398' title='bbox 417 3704 470 3750; x_wconf 86' lang='lat' dir='ltr'><strong>etc.</strong></span> <span class='ocrx_word' id='word_1_399' title='bbox 502 3700 548 3764; x_wconf 89' lang='lat' dir='ltr'><strong>qni</strong></span> <span class='ocrx_word' id='word_1_400' title='bbox 571 3700 655 3749; x_wconf 87' lang='lat' dir='ltr'><strong>etiarn</strong></span> <span class='ocrx_word' id='word_1_401' title='bbox 697 3702 768 3763; x_wconf 88' lang='lat' dir='ltr'><strong>erat,</strong></span> <span class='ocrx_word' id='word_1_402' title='bbox 784 3700 854 3762; x_wconf 89' lang='lat' dir='ltr'><strong>quod</strong></span> <span class='ocrx_word' id='word_1_403' title='bbox 870 3709 924 3746; x_wconf 81' lang='lat' dir='ltr'><strong>nori</strong></span> <span class='ocrx_word' id='word_1_404' title='bbox 936 3698 1087 3761; x_wconf 86' lang='lat' dir='ltr'><strong>celeritate,</strong></span> <span class='ocrx_word' id='word_1_405' title='bbox 1105 3705 1154 3753; x_wconf 87' lang='lat' dir='ltr'><strong>sed</strong></span> <span class='ocrx_word' id='word_1_406' title='bbox 1167 3704 1224 3754; x_wconf 87' lang='lat' dir='ltr'><strong>alia</strong></span> 
     </span>
     <span class='ocr_line' id='line_1_45' title="bbox 129 3769 1224 3836; baseline -0.003 -15"><span class='ocrx_word' id='word_1_407' title='bbox 129 3773 270 3836; x_wconf 80' lang='lat' dir='ltr'><strong>pleraque</strong></span> <span class='ocrx_word' id='word_1_408' title='bbox 302 3783 383 3821; x_wconf 90' lang='lat' dir='ltr'><strong>secus</strong></span> <span class='ocrx_word' id='word_1_409' title='bbox 412 3769 554 3820; x_wconf 76' lang='lat' dir='ltr'><strong>intellexit,</strong></span> <span class='ocrx_word' id='word_1_410' title='bbox 596 3769 656 3818; x_wconf 82' lang='lat' dir='ltr'><strong>Non</strong></span> <span class='ocrx_word' id='word_1_411' title='bbox 699 3777 760 3819; x_wconf 87' lang='lat' dir='ltr'><strong>arte</strong></span> <span class='ocrx_word' id='word_1_412' title='bbox 778 3776 941 3817; x_wconf 88' lang='lat' dir='ltr'><strong>consecutus</strong></span> <span class='ocrx_word' id='word_1_413' title='bbox 957 3776 1051 3832; x_wconf 85' lang='lat' dir='ltr'><strong>esset,</strong></span> <span class='ocrx_word' id='word_1_414' title='bbox 1082 3782 1136 3822; x_wconf 87' lang='lat' dir='ltr'><strong>uon</strong></span> <span class='ocrx_word' id='word_1_415' title='bbox 1152 3773 1224 3822; x_wconf 78' lang='lat' dir='ltr'><strong>eatis</strong></span> 
     </span>
     <span class='ocr_line' id='line_1_46' title="bbox 130 3837 1224 3906; baseline -0.001 -16"><span class='ocrx_word' id='word_1_416' title='bbox 130 3841 164 3890; x_wconf 80' lang='lat' dir='ltr'><strong>ed</strong></span> <span class='ocrx_word' id='word_1_417' title='bbox 180 3841 331 3889; x_wconf 80' lang='lat' dir='ltr'><strong>universas</strong></span> <span class='ocrx_word' id='word_1_418' title='bbox 349 3851 394 3890; x_wconf 91' lang='lat' dir='ltr'><strong>res</strong></span> <span class='ocrx_word' id='word_1_419' title='bbox 409 3839 555 3889; x_wconf 76' lang='lat' dir='ltr'><strong>accesere</strong></span> <span class='ocrx_word' id='word_1_420' title='bbox 569 3839 657 3886; x_wconf 86' lang='lat' dir='ltr'><strong>adhuc</strong></span> <span class='ocrx_word' id='word_1_421' title='bbox 701 3848 802 3888; x_wconf 84' lang='lat' dir='ltr'><strong>causae</strong></span> <span class='ocrx_word' id='word_1_422' title='bbox 817 3845 888 3898; x_wconf 86' lang='lat' dir='ltr'><strong>erat,</strong></span> <span class='ocrx_word' id='word_1_423' title='bbox 906 3849 956 3886; x_wconf 90' lang='lat' dir='ltr'><strong>cur</strong></span> <span class='ocrx_word' id='word_1_424' title='bbox 973 3837 1114 3890; x_wconf 84' lang='lat' dir='ltr'><strong>celeritate</strong></span> <span class='ocrx_word' id='word_1_425' title='bbox 1132 3842 1224 3906; x_wconf 83' lang='lat' dir='ltr'><strong>potius</strong></span> 
     </span>
     <span class='ocr_line' id='line_1_47' title="bbox 131 3906 1066 3973; baseline 0.001 -16"><span class='ocrx_word' id='word_1_426' title='bbox 131 3917 227 3973; x_wconf 81' lang='lat' dir='ltr'><strong>gestas</strong></span> <span class='ocrx_word' id='word_1_427' title='bbox 259 3920 348 3973; x_wconf 89' lang='lat' dir='ltr'><strong>neque</strong></span> <span class='ocrx_word' id='word_1_428' title='bbox 379 3909 413 3958; x_wconf 86' lang='lat' dir='ltr'><strong>ad</strong></span> <span class='ocrx_word' id='word_1_429' title='bbox 444 3911 529 3958; x_wconf 88' lang='lat' dir='ltr'><strong>totum</strong></span> <span class='ocrx_word' id='word_1_430' title='bbox 554 3907 655 3956; x_wconf 84' lang='lat' dir='ltr'><strong>bellum</strong></span> <span class='ocrx_word' id='word_1_431' title='bbox 697 3906 805 3971; x_wconf 84' lang='lat' dir='ltr'><strong>reliqua</strong></span> <span class='ocrx_word' id='word_1_432' title='bbox 823 3906 957 3957; x_wconf 86' lang='lat' dir='ltr'><strong>conficere</strong></span> <span class='ocrx_word' id='word_1_433' title='bbox 974 3909 1066 3958; x_wconf 86' lang='lat' dir='ltr'><strong>vellet.</strong></span> 
     </span>
     <span class='ocr_line' id='line_1_48' title="bbox 131 3976 656 4043; baseline -0.01 -14"><span class='ocrx_word' id='word_1_434' title='bbox 131 3979 280 4043; x_wconf 72' lang='lat' dir='ltr'><strong>Gallicum,</strong></span> <span class='ocrx_word' id='word_1_435' title='bbox 306 3980 354 4027; x_wconf 88' lang='lat' dir='ltr'><strong>sed</strong></span> <span class='ocrx_word' id='word_1_436' title='bbox 371 3979 466 4029; x_wconf 86' lang='lat' dir='ltr'><strong>eodem</strong></span> <span class='ocrx_word' id='word_1_437' title='bbox 481 3976 509 4028; x_wconf 92' lang='lat' dir='ltr'><strong>id</strong></span> <span class='ocrx_word' id='word_1_438' title='bbox 531 3977 656 4027; x_wconf 83' lang='lat' dir='ltr'><strong>releren-</strong></span> 
     </span>
     <span class='ocr_line' id='line_1_49' title="bbox 132 4042 1227 4113; baseline 0.001 -17"><span class='ocrx_word' id='word_1_439' title='bbox 132 4049 203 4111; x_wconf 88' lang='lat' dir='ltr'><strong>dum,</strong></span> <span class='ocrx_word' id='word_1_440' title='bbox 223 4059 275 4108; x_wconf 87' lang='lat' dir='ltr'><strong>quo</strong></span> <span class='ocrx_word' id='word_1_441' title='bbox 293 4048 423 4113; x_wconf 83' lang='lat' dir='ltr'><strong>retiquae</strong></span> <span class='ocrx_word' id='word_1_442' title='bbox 437 4060 495 4108; x_wconf 83' lang='lat' dir='ltr'><strong>res,</strong></span> <span class='ocrx_word' id='word_1_443' title='bbox 514 4058 553 4096; x_wconf 89' lang='lat' dir='ltr'><strong>sc.</strong></span> <span class='ocrx_word' id='word_1_444' title='bbox 566 4047 600 4096; x_wconf 88' lang='lat' dir='ltr'><strong>ad</strong></span> <span class='ocrx_word' id='word_1_445' title='bbox 613 4056 657 4107; x_wconf 85' lang='lat' dir='ltr'><strong>ea,</strong></span> <span class='ocrx_word' id='word_1_446' title='bbox 752 4042 778 4103; x_wconf 79' lang='lat' dir='ltr'><strong>S.</strong></span> <span class='ocrx_word' id='word_1_447' title='bbox 802 4043 819 4096; x_wconf 86' lang='grc'>5</span> <span class='ocrx_word' id='word_1_448' title='bbox 837 4043 998 4110; x_wconf 86' lang='lat' dir='ltr'><strong>simulatque</strong></span> <span class='ocrx_word' id='word_1_449' title='bbox 1014 4046 1141 4111; x_wconf 84' lang='lat' dir='ltr'><strong>oppidani</strong></span> <span class='ocrx_word' id='word_1_450' title='bbox 1159 4061 1227 4099; x_wconf 91' lang='lat' dir='ltr'><strong>con-</strong></span> 
     </span>
     <span class='ocr_line' id='line_1_50' title="bbox 133 4116 1228 4180; baseline 0.002 -13"><span class='ocrx_word' id='word_1_451' title='bbox 133 4129 201 4178; x_wconf 86' lang='lat' dir='ltr'><strong>quae</strong></span> <span class='ocrx_word' id='word_1_452' title='bbox 227 4116 291 4167; x_wconf 88' lang='lat' dir='ltr'><strong>inde</strong></span> <span class='ocrx_word' id='word_1_453' title='bbox 316 4130 333 4169; x_wconf 81' lang='lat' dir='ltr'><strong>a</strong></span> <span class='ocrx_word' id='word_1_454' title='bbox 356 4130 381 4167; x_wconf 89' lang='lat' dir='ltr'><strong>c.</strong></span> <span class='ocrx_word' id='word_1_455' title='bbox 407 4121 425 4167; x_wconf 85' lang='grc' dir='ltr'>θ</span> <span class='ocrx_word' id='word_1_456' title='bbox 451 4124 565 4168; x_wconf 85' lang='lat' dir='ltr'><strong>narrata</strong></span> <span class='ocrx_word' id='word_1_457' title='bbox 584 4118 656 4178; x_wconf 86' lang='lat' dir='ltr'><strong>sunt,</strong></span> <span class='ocrx_word' id='word_1_458' title='bbox 701 4118 850 4175; x_wconf 87' lang='lat' dir='ltr'><strong>spexernut</strong></span> <span class='ocrx_word' id='word_1_459' title='bbox 867 4119 960 4180; x_wconf 81' lang='lat' dir='ltr'><strong>atque]</strong></span> <span class='ocrx_word' id='word_1_460' title='bbox 985 4119 1026 4168; x_wconf 89' lang='lat' dir='ltr'><strong>De</strong></span> <span class='ocrx_word' id='word_1_461' title='bbox 1044 4118 1162 4180; x_wconf 84' lang='lat' dir='ltr'><strong>repetito</strong></span> <span class='ocrx_word' id='word_1_462' title='bbox 1179 4120 1228 4169; x_wconf 80' lang='lat' dir='ltr'><strong>ot·</strong></span> 
     </span>
     <span class='ocr_line' id='line_1_51' title="bbox 132 4184 1228 4261; baseline 0.003 -25"><span class='ocrx_word' id='word_1_463' title='bbox 132 4199 203 4250; x_wconf 76' lang='lat' dir='ltr'><strong>qnae,</strong></span> <span class='ocrx_word' id='word_1_464' title='bbox 218 4184 310 4238; x_wconf 85' lang='lat' dir='ltr'><strong>omnin</strong></span> <span class='ocrx_word' id='word_1_465' title='bbox 329 4189 364 4238; x_wconf 87' lang='lat' dir='ltr'><strong>od</strong></span> <span class='ocrx_word' id='word_1_466' title='bbox 382 4186 541 4261; x_wconf 79' lang='lat' dir='ltr'><strong>seditionem</strong></span> <span class='ocrx_word' id='word_1_467' title='bbox 560 4184 680 4236; x_wconf 47' lang='lat' dir='ltr'><strong>Gallos</strong></span> <span class='ocrx_word' id='word_1_468' title='bbox 702 4196 757 4250; x_wconf 82' lang='lat' dir='ltr'><strong>qtte</strong></span> <span class='ocrx_word' id='word_1_469' title='bbox 783 4186 820 4235; x_wconf 86' lang='lat' dir='ltr'><strong>cf.</strong></span> <span class='ocrx_word' id='word_1_470' title='bbox 848 4189 911 4238; x_wconf 85' lang='lat' dir='ltr'><strong>edu.</strong></span> <span class='ocrx_word' id='word_1_471' title='bbox 934 4190 969 4239; x_wconf 86' lang='lat' dir='ltr'><strong>ad</strong></span> <span class='ocrx_word' id='word_1_472' title='bbox 990 4191 1023 4257; x_wconf 82' lang='lat'><strong>³,</strong></span> <span class='ocrx_word' id='word_1_473' title='bbox 1052 4187 1113 4248; x_wconf 71' lang='lat'><strong>98.</strong></span> <span class='ocrx_word' id='word_1_474' title='bbox 1135 4189 1169 4255; x_wconf 81' lang='lat'><strong>6,</strong></span> <span class='ocrx_word' id='word_1_475' title='bbox 1199 4188 1228 4239; x_wconf 91' lang='lat' dir='ltr'><strong>in</strong></span> 
     </span>
    </p>
   </div>
   <div class='ocr_carea' id='block_1_5' title="bbox 0 0 1388 4726">
    <p class='ocr_par' dir='ltr' id='par_1_8' title="bbox 0 0 1388 4726">
     <span class='ocr_line' id='line_1_52' title="bbox 0 0 1388 4726; baseline 0 0"><span class='ocrx_word' id='word_1_476' title='bbox 0 0 1388 4726; x_wconf 95' lang='lat' dir='ltr'><strong> </strong></span> 
     </span>
    </p>
   </div>
  </div>
 </body>
</html>
