2700 4726
203 293 275 367 466
460 289 744 363 1111611110
775 287 1026 361 Gannico

210 484 272 550 bas
294 481 329 550 in
352 481 463 568 iguem
486 503 507 549 e
529 481 666 568 regione
685 479 793 548 turris
814 479 1032 566 proiicisbat‚
1051 477 1231 565 scorpione
1250 478 1298 545 ais

170 573 321 640 Slatere
351 568 471 676 dextro
495 573 660 677 traiectus
687 570 962 655 exanimatusque
992 565 1154 671 concidit
1194 565 1299 633 Hune

210 679 548 832 ililiiiilill?
567 655 1300 831 'iiiiii''liliati‘':illiditur

169 835 191 904 4
212 841 302 901 mato
325 837 434 901 altero
454 835 621 901 tuccessit
639 834 763 900 tertius
779 842 813 898 et
828 833 932 899 tertio
946 840 1101 918 quartus,
1123 853 1185 896 uec
1200 833 1300 920 psius

211 923 272 989 ilie
294 929 349 987 est
371 945 391 989 a
415 921 725 1012 propugnatoribus
747 942 873 987 vacuus
896 920 1037 985 relictus
1058 921 1173 999 locus,
1196 940 1300 1007 quen

211 1009 376 1077 matiucto
408 1031 532 1098 aggere
559 1020 662 1097 atque
689 1007 780 1075 oanni
809 1018 909 1097 parte
934 1008 1111 1075 summotis
1141 1007 1302 1075 hostibus

245 1187 298 1236 elsa
317 1186 366 1250 16,
390 1187 433 1241 36.
474 1184 584 1237 omisso
605 1185 724 1238 relativo
748 1187 842 1234 eadem
861 1181 941 1232 huius
960 1182 1114 1237 sententiae
1132 1183 1165 1235 it
1184 1185 1300 1236 confor-

187 1301 195 1315 ,
244 1253 338 1318 acatio,
357 1266 427 1319 quae
445 1255 584 1317 sequentis
602 1264 659 1305 est:
689 1253 811 1316 Quidum
829 1251 927 1303 Ganos
944 1253 1130 1317 proiiciedat:
1160 1255 1300 1306 coaddit.

246 1325 331 1374 liano
354 1327 557 1390 transgressos
583 1325 777 1390 fungebatur:
807 1321 947 1374 successit
972 1323 1092 1374 tertius.
1136 1319 1220 1387 idque
1246 1337 1299 1387 ego

244 1394 385 1444 terendum
404 1398 544 1459 putarem,
561 1395 585 1444 si
602 1395 671 1444 nihil
689 1393 796 1444 omuino
814 1392 843 1442 iu
863 1391 897 1442 iis
915 1392 1012 1460 libris,
1029 1391 1075 1456 qul
1093 1393 1221 1443 omittunt
1239 1396 1301 1460 qui,

244 1465 348 1512 temere
365 1462 504 1529 omissum,
522 1463 550 1513 lu
569 1463 615 1529 lis,
630 1463 677 1526 qui
693 1464 804 1528 hahent,
821 1473 874 1511 uon
892 1469 995 1517 temere
1011 1464 1147 1512 adiectum
1165 1463 1300 1516 viderem.

245 1531 339 1593 Nunc,
367 1543 427 1580 oum
445 1534 475 1582 et
490 1532 557 1582 aliisi
574 1536 602 1583 et
618 1532 648 1581 iu
666 1535 716 1582 lroo
734 1531 933 1592 Commentario
951 1531 1063 1593 saepius
1079 1541 1176 1582 contra
1194 1534 1300 1586 facum

244 1600 370 1662 videam,
407 1602 567 1662 scriptorem
585 1602 675 1660 ipsam
693 1599 844 1651 variandae
863 1600 983 1650 orationi
1000 1600 1171 1650 cousuluisse
1188 1608 1305 1660 encoe-

243 1671 319 1732 pun
337 1668 430 1719 versis
447 1673 516 1723 onie
531 1673 650 1736 portam
665 1669 765 1734 oppidi
782 1669 990 1729 descriptionem
1007 1671 1049 1718 liis
1067 1669 1116 1734 qui
1127 1669 1304 1735 proiieiciat

244 1737 405 1799 perfecisse,
424 1751 482 1790 rem
498 1741 608 1804 diguam
624 1739 754 1791 memoria
771 1737 873 1805 visam,
891 1749 962 1800 quae
981 1738 1123 1805 acciderit,
1140 1740 1304 1803 simpliciter

243 1808 329 1857 verbo
345 1806 472 1859 concidit
489 1811 693 1860 demonstrasse
710 1812 783 1871 puto.

277 1876 407 1938 traditas]
439 1879 607 1930 transilitas·
625 1881 687 1929 Ali.
716 1880 741 1928 b.
765 1877 841 1938 lrips.
861 1888 919 1940 sqq.
938 1872 1078 1942 (traditis
1096 1875 1144 1926 Dr.
1167 1875 1198 1926 Α.
1220 1878 1302 1934 Vrec.

244 1943 277 1992 li.
292 1946 345 1994 Gn.
364 1947 571 1999 transditis...
591 1949 674 1999 Febr.
692 1947 774 1998 Vini.
788 1949 819 1997 ll.
838 1946 946 1999 traditi
966 1946 1063 1998 llarnb.
1083 1945 1212 1999 traditos
1226 1948 1305 2012 lter.)

278 2015 389 2078 glebas]
414 2019 509 2082 pindos
525 2018 588 2067 Ber.

277 2084 427 2147 traiectus]
444 2086 608 2139 tranieotus
626 2083 723 2134 Halai.
742 2081 926 2136 transiectus
942 2083 1006 2134 Ald.
1025 2083 1051 2134 i.
1069 2081 1146 2145 Lips.
1164 2094 1224 2147 sqq.

275 2151 304 2214 S.
324 2157 340 2203 3
358 2157 458 2216 altero]
476 2157 546 2206 And.
566 2156 617 2206 0x.
636 2153 686 2204 cn.
707 2151 874 2205 6111166.
894 2154 1011 2203 111116.
1032 2152 1115 2203 Vini.
1129 2154 1164 2209 A.
1180 2153 1247 2206 Ald.
1259 2154 1304 2207 ab.

243 2220 293 2282 Gr.
310 2235 335 2275 a
351 2224 380 2274 Ρ.
396 2226 470 2277 Man.
483 2225 560 2286 Ιιίρι.
578 2235 637 2286 sqq.
655 2222 745 2275 alten
761 2222 861 2286 reliqui
877 2221 987 2272 codices
1001 2230 1030 2271 et
1044 2221 1187 2273 editiones.
1223 2223 1305 2282 Quod

243 2302 299 2352 qua
316 2304 348 2341 re
365 2293 470 2344 illatum
489 2293 626 2355 videatur,
644 2290 670 2340 iu
688 2292 751 2342 adu.
768 2303 807 2342 or.
827 2293 862 2343 ad
880 2289 907 2358 6,
928 2292 963 2341 27
981 2290 1009 2353 S.
1026 2289 1043 2342 5
1061 2290 1177 2341 ostendi.
1214 2292 1305 2344 Alala-

243 2362 321 2410 tivns
338 2363 373 2411 aii
391 2364 433 2411 rei
453 2363 617 2424 gravantem
638 2363 715 2411 tauto
736 2361 829 2422 aptior
846 2369 890 2411 ese
908 2360 1002 2411 dativo
1019 2361 1072 2420 (et.
1089 2362 1125 2411 ad
1142 2359 1170 2427 4,
1188 2361 1222 2410 21
1242 2362 1266 2424 §a
1285 2367 1305 2414 6

244 2428 399 2490 adscripta)
424 2432 456 2480 at
475 2432 553 2482 uallo.
568 2428 761 2481 monosemi
779 2429 898 2492 potuerit
915 2430 1052 2493 scriptor,
1086 2443 1138 2495 ne,
1163 2430 1188 2479 si
1204 2433 1304 2484 altero

242 2497 392 2562 posuisset,
412 2499 440 2550 iu
459 2500 576 2550 lectores
595 2509 631 2548 an
649 2509 696 2558 pro
715 2497 808 2549 dativo
825 2497 1012 2560 accipiendum
1031 2502 1118 2562 esset,
1137 2499 1305 2552 dubitarent.

278 2564 306 2627 S.
323 2564 343 2616 4
361 2569 433 2618 omni
452 2571 543 2630 parte]
564 2568 607 2617 lta
625 2566 687 2617 illari
705 2567 803 2628 scripti
819 2567 938 2631 aditique
956 2568 1034 2617 iidem
1044 2600 1053 2632 ‚
1073 2569 1118 2631 qni
1135 2570 1233 2620 silero
1252 2572 1305 2622 ire-

243 2635 322 2686 beuta
340 2650 366 2686 o.
384 2637 436 2688 illa
452 2651 481 2701 p.
498 2637 574 2689 Laid.
597 2637 626 2684 li.
644 2649 671 2686 o.
690 2647 729 2687 aar
745 2649 774 2704 p.
791 2638 878 2687 codex
892 2631 1031 2687 Ciacconii
1050 2645 1078 2686 et
1096 2638 1157 2690 Par.
1172 2640 1201 2689 li.
1221 2653 1248 2689 o.
1268 2652 1304 2691 ea

243 2718 277 2770 p.
303 2704 406 2770 reliqui
427 2719 489 2757 cum
512 2708 701 2770 Metapliraste
728 2708 789 2766 (eci
805 2701 920 2758 πάντων
937 2693 997 2758 cdd
1012 2701 1098 2778 ταύτῃ
1116 2700 1205 2760 ὄντων
1219 2705 1306 2760 πολε-

208 2862 272 2927 tur,
291 2860 372 2924 quasi
387 2864 484 2926 partes
502 2871 613 2924 aarum
634 2858 660 2910 si
679 2858 733 2910 mi·
776 2872 831 2922 qne
843 2858 975 2912 lationem
989 2863 1018 2911 et
1033 2860 1148 2912 turrium
1160 2863 1307 2918 reductio-

207 2943 271 2995 nus‚
287 2933 389 2999 umen,
403 2934 475 2995 qnod
489 2933 550 2981 sine
565 2931 734 2982 eisturrium
775 2940 840 2981 uem
862 2932 992 2983 tutiorem
1010 2933 1128 2984 reddere
1146 2946 1203 2986 non
1221 2939 1306 2998 pote-

207 3011 277 3050 nsus
315 3005 344 3052 et
374 3000 580 3053 administratio
609 3000 735 3050 difficilis
775 3002 850 3052 raut.
885 3000 1018 3062 Quamvis
1036 3001 1122 3067 igitar
1140 3004 1230 3072 plutei
1249 3007 1306 3073 iiii,

207 3072 237 3119 et
250 3068 349 3132 cuique
361 3084 458 3121 earnm
473 3073 567 3122 certus
577 3070 734 3134 pluteorum
776 3082 847 3134 quos
864 3069 940 3122 inira
958 3083 982 3121 e.
1000 3068 1036 3121 41
1055 3073 1082 3135 s.
1099 3070 1119 3124 4
1136 3073 1242 3125 Fadiae
1260 3077 1306 3127 ii-

206 3152 339 3190 uumerns
362 3142 515 3192 attributus
533 3143 625 3203 esset,
654 3142 735 3190 recte
777 3140 849 3189 citur
864 3142 941 3191 vallo
955 3143 1111 3192 castrorum
1124 3152 1240 3196 suorum·
1252 3148 1307 3197 ad·

206 3211 291 3260 nabet
307 3211 457 3274 genitivus.
493 3212 554 3271 Quo
574 3209 664 3260 minus
682 3221 735 3259 au·
778 3210 887 3259 diturus
903 3211 1008 3277 luisse,
1024 3212 1144 3274 itemque
1162 3213 1215 3281 illi,
1233 3229 1306 3279 qno·-

206 3280 263 3329 tem
277 3281 467 3344 superioribus
478 3280 596 3331 turrium
606 3279 734 3341 partibus
776 3291 838 3329 rum
855 3282 939 3342 atque
956 3282 1069 3345 aggeris
1083 3284 1119 3332 ad
1136 3285 1304 3336 commissu-

207 3351 316 3400 attexta
328 3351 498 3401 munimenta
508 3351 733 3417 interpretemur,
775 3360 824 3398 ras
837 3361 863 3399 oi
875 3350 910 3399 72
924 3351 951 3412 s.
964 3347 983 3399 4
996 3352 1117 3416 grandes
1123 3365 1224 3405 cervos
1233 3358 1304 3407 emi-

208 3416 243 3468 61
260 3419 359 3481 quibus
374 3423 516 3485 cogitasse
533 3421 645 3470 videtur
659 3419 734 3471 Ges-
774 3417 1305 3490 nuissedocemur‚loricaeuoanineap-

207 3499 294 3540 uerus
317 3491 347 3540 in
371 3491 514 3541 Thesauro
539 3490 584 3540 hio
609 3490 733 3539 turribus
774 3487 877 3551 pellari
896 3490 1031 3550 potuerint
1045 3492 1177 3542 etaltero
1190 3496 1255 3547 loco
1267 3500 1304 3549 ab

207 3559 335 3612 scribens
359 3562 474 3624 pluteos
498 3559 588 3610 luisse
612 3571 663 3621 pro
687 3559 732 3610 lo-
774 3558 836 3622 ipso
853 3559 993 3630 scriptore
1010 3559 1068 3610 sint
1084 3563 1230 3630 appellati,
1251 3568 1304 3619 lios

178 3629 287 3692 sico,
339 3632 388 3679 ecit
429 3633 537 3682 Moram
574 3640 732 3691 sequamur,
775 3627 885 3690 quidem
916 3630 1034 3679 turrium
1059 3631 1303 3704 protensionis,

207 3698 256 3760 qui
280 3699 428 3751 secundun
447 3700 658 3760 metaphrasten
682 3694 732 3756 (eei
772 3708 844 3760 quae
862 3695 895 3761 5,
920 3697 957 3749 io
977 3697 1004 3766 §.
1022 3701 1039 3748 6
1058 3701 1182 3752 turribus
1196 3705 1306 3775 pinnae

206 3765 264 3818 ecio
300 3762 412 3835 πύργων
447 3769 543 3836 στέγη)
578 3768 609 3818 iu
624 3767 732 3818 lindius
773 3766 940 3831 loricaeque
964 3783 1000 3819 ex
1024 3770 1149 3820 oratioue
1174 3775 1305 3829 attextae

206 3835 300 3898 posuit
325 3837 458 3895 turrium
483 3840 579 3897 tectu,
610 3836 732 3889 maxime
774 3839 922 3907 vocantur,
935 3838 1063 3891 diversos
1076 3841 1242 3899 existimare
1253 3848 1304 3898 de-

205 3904 320 3967 inpedit
336 3909 398 3970 loo,
416 3908 489 3969 quod
505 3906 613 3959 deustis
628 3907 731 3971 pluteis
774 3907 878 3960 bemus.

205 3975 311 4025 fectum
326 3988 391 4026 esse
408 3979 511 4030 dieitur
525 3980 557 4029 ut
571 3990 628 4030 uon
646 3977 731 4027 facile
824 3976 960 4044 vestigio]
991 3975 1035 4029 (ii.
1060 3979 1124 4031 adn.
1149 3994 1191 4034 er.
1218 3981 1303 4054 664,

202 4044 303 4107 aperti
323 4046 361 4096 ad
384 4047 587 4099 contundam
603 4047 732 4100 odirent.
773 4042 835 4113 is.
853 4051 881 4101 6.
947 4078 949 4082 .

182 4126 185 4136 ‘
205 4114 391 4167 auxiliatoris
404 4116 478 4169 euin
491 4117 625 4169 eiusmodi
639 4116 731 4168 niuni-
825 4115 854 4176 S.
872 4119 891 4166 ²
909 4117 1044 4187 concidit]
1070 4119 1115 4172 Gl-
1134 4121 1200 4175 adn.
1219 4122 1304 4189 666,

204 4185 298 4238 menta
324 4185 427 4239 aditum
446 4187 483 4238 ai
501 4188 596 4241 turres
613 4185 728 4241 auxilli·
773 4181 811 4236 46
828 4185 855 4246 8.
871 4186 914 4238 7.-
1166 4214 1198 4221 -·
