2700 4726
199 296 268 371 3118
454 299 527 369 Dii
577 297 757 368 stato
785 295 1038 368 nautico

158 486 164 505 '
201 506 334 554 murum
359 488 514 554 exomni
541 492 639 576 parte
668 476 822 553 turribus
855 486 1159 570 contabulaverant
1182 488 1292 580 atque

158 566 179 633 4
201 570 263 641 iras
293 574 403 645 coriis,
426 575 627 644 intexerent.
671 573 761 642 Tum
781 574 917 647 ¹crebris
940 572 1075 656 ‹iiurllin¹
1094 575 1292 659 nocturnis-

199 684 268 749 que
295 660 529 749 eruptionibus
552 669 612 728 aut
632 663 749 749 aggeri
769 662 880 746 ignem
903 661 1096 728 inferebant
1116 669 1179 727 aut
1200 662 1291 728 mili-

200 757 255 816 tas
274 760 457 837 occupatos
477 751 514 816 in
536 771 639 840 opere
662 748 925 829 adoriebantur,
946 758 980 816 ct
1000 749 1192 817 nostrarum
1218 756 1291 817 tur-

200 839 289 905 rium
318 837 546 917 altitudinem,
581 846 742 924 quantum
771 839 834 904 itas
868 836 1059 905 cotidianus
1099 859 1202 924 agger
1236 859 1294 903 ex-

199 932 395 1017 presserat,
434 926 625 993 commissis
655 945 791 993 suarum
821 926 969 993 turrium
1000 921 1100 991 malis
1123 926 1293 1013 adaequa-

232 1116 296 1238 ns..
321 1117 339 1167 ³
368 1112 506 1182 turribus]
541 1113 656 1167 turtius
679 1116 776 1168 ilamo.
800 1126 854 1168 om.
880 1116 956 1170 licit.
979 1118 1066 1170 vose.
1084 1115 1116 1171 0.
1136 1117 1192 1171 tiu·
1208 1117 1290 1169 Vrat.

257 1223 263 1238 .
281 1198 337 1238 rnc.

262 1268 332 1357 :secl
349 1268 540 1330 altitudinem]
558 1254 710 1321 altitudini
728 1266 801 1322 And.
821 1269 895 1321 liar.
914 1272 948 1320 A.
967 1266 1050 1321 vind.
1069 1272 1103 1321 A.

174 1417 175 1421 ,
262 1362 422 1422 ¹cotidianas
441 1378 527 1432 agger
546 1369 736 1430 expresserat]
773 1367 913 1420 cotidiani
932 1359 1057 1436 apperte
1076 1369 1291 1434 expresserant

231 1443 308 1501 Eam.
327 1440 409 1491 vrat.
427 1440 461 1488 A.
480 1437 665 1502 quotidianas
682 1449 792 1503 appare
808 1441 1023 1503 expresserant
1039 1439 1117 1491 Leid.
1137 1440 1172 1490 A.
1193 1439 1291 1502 asoti-

231 1511 336 1561 414444
354 1522 382 1558 a.
403 1521 428 1558 e.
446 1506 522 1568 Lips.
540 1505 709 1571 quotidiano
731 1520 839 1573 capere
861 1510 1074 1572 capresserant
1090 1509 1118 1557 s.
1139 1507 1291 1571 quotidia-

230 1581 277 1630 ais
296 1593 323 1630 a.
341 1590 366 1629 4.
393 1577 440 1626 Dr.
457 1578 488 1625 B.
507 1601 543 1612 -
559 1587 633 1640 aper
649 1602 686 1612 —
732 1579 786 1629 ind.
805 1578 836 1629 G.
860 1578 965 1636 (antid.
991 1589 1040 1639 pro
1061 1577 1170 1642 444141.
1189 1576 1293 1641 scripsi

232 1661 296 1698 cum
314 1648 400 1707 Runa.
416 1643 451 1696 A·
475 1647 553 1708 ligor.
571 1645 655 1700 Febr,
682 1646 762 1705 (Par.
780 1646 831 1713 A.)
847 1647 927 1698 Vrat.
947 1647 1004 1697 AB.
1024 1646 1104 1698 Viud.
1123 1641 1147 1696 l.
1166 1646 1292 1712 qaotttd.

146 1750 149 1757 .
231 1718 307 1769 died.
326 1727 353 1772 a.
370 1715 443 1767 Ven.
462 1715 540 1765 bede.
575 1712 620 1766 Gi.
637 1716 698 1766 ado.
718 1729 759 1766 er.
776 1717 810 1766 ad
832 1718 859 1782 1,
876 1717 892 1766 1
910 1715 939 1778 S.
958 1719 1001 1775 3.)

206 1816 220 1888 κ’
264 1814 362 1875 malis]
394 1813 451 1866 aiis
473 1813 522 1863 llr.
544 1812 575 1864 B.
601 1814 820 1877 quemadmodum
838 1813 1004 1866 ciacconius
1028 1818 1056 1865 et
1072 1811 1161 1876 [lipsii
1185 1812 1292 1867 micus

231 1884 352 1938 Poliore.
371 1882 399 1950 5,
416 1884 436 1936 7
453 1883 625 1934 scribendum
641 1883 782 1946 putabant.
801 1884 933 1952 κορυφαῖς
947 1887 1012 1935 Met,

194 2038 417 2107 toleraverant,
428 2039 464 2091 ut
478 2050 517 2092 44
531 2039 723 2091 esturmenta
765 2039 913 2103 quodmodo
931 2036 992 2089 lieri
1011 2036 1139 2103 potuerit,
1156 2051 1192 2089 ex
1211 2039 1293 2091 llirtli

193 2108 308 2177 fierent.
344 2109 420 2160 idem
438 2108 473 2159 1⁰
491 2107 518 2169 s.
536 2107 571 2160 43
588 2109 671 2175 Hand,
687 2110 720 2159 de
763 2110 868 2171 14448,
886 2111 903 2158 9
921 2110 955 2160 ad
975 2105 1055 2172 nlo
1072 2108 1293 2169 4641141041·

192 2178 326 2230 luscinio:
344 2179 442 2231 omnia
459 2181 521 2230 tam
538 2177 672 2241 parantis
689 2176 721 2227 e'n
764 2178 907 2242 telligitur.
941 2178 1029 2240 Atque
1048 2178 1109 2227 truie
1122 2177 1291 2243 iuterpreta-

193 2250 341 2317 raactdas,
368 2262 442 2312 quae
460 2246 616 2312 4444444444
635 2245 720 2297 titia·
762 2247 830 2298 tioul
848 2248 994 2297 firmandae
1012 2251 1076 2308 apta
1092 2254 1156 2297 sunt
1169 2250 1293 2300 Suetonii

191 2330 262 2370 rane
294 2318 452 2370 tormentis
486 2328 540 2367 ars
575 2316 720 2366 tammam
762 2326 790 2369 et
804 2315 892 2368 Curtii
906 2318 1002 2380 verba,
1020 2329 1132 2379 quornm
1148 2319 1221 2369 alter
1235 2318 1293 2369 ca-

191 2386 382 2452 eacoyttaait.
416 2386 720 2448 senseresensere
762 2388 809 2450 lig.
840 2388 875 2440 19
903 2384 1007 2439 Xerxis
1030 2385 1292 2456 monumentarii,

191 2469 251 2507 etan
277 2468 315 2507 ec
346 2457 450 2506 arcada
473 2455 594 2516 prolata
618 2452 720 2516 vestis,
761 2457 806 2520 qui
820 2457 1036 2518 Hellespontum
1047 2455 1293 2522 contristaverit,

190 2538 250 2576 noa
274 2524 352 2575 mille
373 2523 556 2588 paatdere'tas
575 2523 630 2573 aut
653 2525 718 2573 tor·
760 2525 833 2576 aller
851 2525 878 2589 5,
897 2527 915 2578 7
932 2523 959 2585 S·
979 2525 996 2575 8
1019 2521 1094 2590 (cap.
1113 2527 1148 2575 23
1166 2522 1294 2593 Zumpt.)

109 2614 112 2634 ι
189 2596 295 2647 mentis
303 2591 721 2658 splendereccpeate’taspres·
760 2593 1200 2655 eiusdemexercicitoeltcropam
1208 2595 1292 2647 innn-

190 2678 234 2717 44.
260 2663 357 2729 quibus
375 2661 445 2714 loeis
463 2662 586 2711 omnibus
604 2662 640 2711 de
658 2671 719 2710 ma·
760 2665 853 2715 datam
864 2662 930 2715 dicit
940 2663 1123 2714 contabulato
1134 2665 1214 2715 atari
1227 2679 1290 2715 mo-

190 2733 279 2785 4141414
303 2741 331 2783 et
354 2730 542 2783 instrumentis
565 2730 630 2780 allis
652 2728 719 2781 aiibi
759 2733 854 2792 litasse
885 2732 982 2797 quibus
1010 2733 1037 2781 in
1056 2730 1152 2781 veritis
1171 2736 1291 2787 molitus

189 2800 363 2866 cogitandum
374 2810 425 2852 est.
444 2803 480 2853 llt
493 2800 528 2850 ad
536 2801 719 2850 trochlearum
760 2803 900 2855 ablativus
918 2803 1030 2853 eandem
1048 2808 1129 2865 atque
1143 2804 1173 2851 ir.
1186 2804 1204 2852 l.
1220 2807 1291 2855 tur-

190 2874 248 2921 vlm
274 2872 374 2922 lentius
392 2874 422 2922 et
439 2870 542 2922 certius
559 2872 718 2931 operantem
761 2873 843 2923 ritas
874 2871 1030 2922 adminiculi
1062 2870 1290 2933 significationem

190 2943 422 2991 accommodatum
437 2944 481 2990 est
495 2940 638 3011 reducere
653 2951 718 2988 ver·
761 2943 851 2992 labet.
892 2941 972 2990 Alias
990 2938 1058 2990 eolis
1077 2941 1211 2992 tabulatis
1230 2944 1291 2994 sine

189 3010 271 3074 bum,
297 3009 326 3058 in
343 3020 396 3072 quo
414 3008 580 3070 praepositio
597 3022 652 3060 uon
670 3021 717 3058 re·
760 3011 884 3062 turribus
915 3011 1039 3060 altiorem
1069 3022 1174 3060 murum
1201 3013 1290 3064 lacie-

188 3078 363 3142 petltionem‚
394 3078 441 3126 sed
460 3076 597 3138 regionem
614 3077 717 3128 indicat
762 3083 837 3143 bant,
856 3088 885 3128 nt
903 3079 944 3130 ait
961 3078 1095 3142 vegetius
1112 3075 1140 3145 4,
1159 3081 1203 3132 ts.

187 3149 328 3199 diversam
339 3148 374 3198 alt
387 3145 433 3211 ils,
448 3157 519 3207 quae
528 3146 718 3198 vertisaaer·
812 3150 840 3211 s.
854 3147 872 3198 4
884 3148 1035 3198 cotidianus
1046 3149 1145 3212 agger]
1159 3154 1184 3200 A
1200 3152 1289 3216 neme,

189 3217 288 3272 iciant
311 3220 340 3267 et
362 3214 587 3267 destinaverant
611 3215 716 3279 signid-
758 3230 831 3282 qnae
847 3218 945 3269 cotidie
962 3219 1162 3282 aggerebatur,
1193 3228 1288 3271 trans-

188 3296 270 3340 catae
286 3292 360 3347 4444,
376 3287 405 3334 et
421 3285 456 3336 ad
469 3285 557 3350 ipsos,
572 3284 619 3349 qai
632 3286 716 3336 duce·
758 3289 816 3338 lata
840 3288 875 3336 ad
900 3294 985 3335 totum
1010 3287 1195 3348 appellatione
1212 3291 1288 3341 eota·-

186 3356 264 3421 itant‚
286 3356 465 3417 spectantem.
759 3357 863 3407 dianas
876 3356 976 3406 dicitnr
986 3368 1086 3422 anper,
1097 3359 1157 3407 iere
1169 3361 1287 3412 utcum-

238 3425 267 3487 8.
283 3429 300 3477 3
317 3424 439 3475 turribus
456 3421 714 3490 contabulaverant]
757 3439 822 3477 mas
837 3438 919 3476 raons
937 3429 964 3476 et
983 3426 1094 3479 similia.
1242 3422 1245 3426 ’

186 3506 241 3547 noo
264 3493 387 3546 turribus
406 3491 591 3544 contabulatis
610 3490 715 3541 iustru-
808 3496 999 3556 expresserat]
1030 3497 1090 3547 lion
1112 3491 1173 3557 ipse
1198 3509 1286 3563 agger

187 3567 301 3628 xerant‚
320 3565 351 3615 ut
369 3563 566 3624 interpretatus
585 3561 629 3610 est
644 3560 716 3613 For·
756 3576 872 3626 surgens
892 3573 920 3614 et
932 3565 960 3615 in
974 3563 1143 3615 altitudinem
1156 3577 1285 3620 crescens

188 3635 317 3698 tellinae,
334 3633 379 3683 cui
399 3644 418 3683 a
433 3632 527 3695 lingna
542 3632 634 3680 obstat
645 3632 715 3691 quud
755 3635 863 3684 iecerat
879 3637 911 3684 ut
921 3637 1012 3684 turres
1024 3646 1129 3696 quoque
1141 3634 1286 3701 impositae

117 3754 129 3763 ‚
184 3702 376 3753 cantabature
400 3702 481 3752 verbi
499 3701 573 3751 notio
590 3699 716 3751 absoluta
756 3712 910 3769 surgerent,
930 3703 984 3754 nisi
1002 3705 1073 3753 torte
1095 3714 1285 3768 nomeuperne

187 3782 275 3833 neque
299 3770 423 3833 indigens
447 3769 532 3821 uilius
553 3779 642 3831 neque
662 3780 715 3830 pa·
756 3770 856 3823 iniecta
875 3783 952 3824 terra
969 3773 997 3822 et
1015 3771 1148 3838 materia,
1180 3777 1230 3824 sed
1247 3778 1284 3825 ab

184 3841 260 3911 'tiens
279 3839 344 3889 talis
362 3836 553 3901 complementi
569 3840 624 3902 eet,
642 3847 714 3898 are,
757 3839 810 3892 imo
824 3851 940 3906 aggesta
955 3841 1081 3892 altiorem
1100 3854 1161 3892 eum
1180 3845 1285 3896 tectum

187 3909 258 3973 qnod
271 3911 365 3960 totum
373 3919 490 3958 maram
498 3908 621 3961 omnies
627 3909 716 3970 parte
756 3919 899 3974 putamus3
916 3912 973 3961 sed
982 3912 1052 3972 quod
1066 3911 1219 3962 luminibus
1232 3928 1284 3965 ne-

185 3980 380 4030 eootabulasse
417 3978 539 4028 turribus
571 3976 715 4038 dicuntnr;
757 3980 1285 4048 cessariolaciendumiueratsnrgente

185 4046 714 4099 sedturribusexstructisetadminicn-
756 4048 815 4117 illo,
832 4051 881 4100 ille
900 4051 957 4112 ipse
975 4048 1076 4100 dicitur
1090 4050 1204 4104 iecisse.

148 4156 155 4167 ,
184 4118 307 4169 inertibus
321 4115 476 4166 continuam
490 4129 540 4177 per
553 4119 638 4167 totum
652 4129 714 4167 mn·
807 4118 958 4170 commissis
973 4122 1212 4173 suarumturrlom
1224 4134 1285 4172 ma-

184 4200 243 4241 rum
258 4186 452 4240 tabulationem
459 4185 624 4252 eliseerauts
639 4188 713 4253 quod
756 4186 806 4252 lis]
825 4188 951 4243 turrium
967 4191 1067 4258 ntales,
1083 4189 1287 4259 leximgrspm
