2700 4726
429 269 644 349 tr·u.v11.
675 254 879 361 ‚ceum
1131 276 1200 347 ces
1293 215 1310 285 '¹

110 462 261 531 occurrit
278 480 378 525 unum
403 481 480 527 esee
503 459 590 527 iliud
613 467 764 548 tempus,
792 482 858 549 quo
882 462 1022 529 menime
1043 462 1201 529 contendi
1230 523 1234 529 .

106 550 299 616 conveniet.
343 547 458 628 Gelli,
479 550 545 615 nisi
569 550 793 635 perfregerint
810 550 1029 632 munitiones,
1053 548 1095 616 de
1110 552 1199 617 omui
1223 565 1242 622 8

111 639 224 702 salute
255 633 453 721 desperant:
490 635 652 717 Romani,
687 641 716 703 si
744 658 814 702 rem
844 638 1068 718 obtinuerint,
1099 638 1198 705 finem

109 726 266 791 laborum
296 723 441 789 emnium
474 733 680 810 exspectent.
747 723 892 793 Maxime
928 724 972 792 ed
1007 727 1243 813 superioreei

110 812 316 877 munitiones
352 812 549 889 laboretur,
591 834 659 898 quo
686 809 1022 880 Verceeiveilounum
1059 815 1198 881 mineum

111 899 429 969 demonstravimus.
478 896 642 984 Exiguum
672 900 740 964 lori
769 901 812 968 ad
842 900 1068 968 declivitatem
1101 902 1200 969 iesti-

181 1102 245 1139 esee
262 1091 344 1148 iliud]
373 1091 432 1139 Pet.
450 1090 532 1140 vose.
552 1089 584 1141 Α.
610 1092 686 1153 ligni.
713 1091 788 1142 (ibit.
812 1091 892 1142 uebr.
915 1093 995 1156 Bong.
1015 1094 1050 1143 Α.
1069 1094 1111 1143 ΡΙ.
1137 1094 1200 1144 Per.

147 1162 179 1210 b.
195 1161 283 1210 naen.
302 1160 351 1209 Dr.
363 1162 419 1209 AB.
437 1160 517 1211 Vrat.
536 1160 614 1210 Aac.
633 1159 783 1211 occubit
802 1161 899 1212 Remi.
920 1162 971 1211 Gn.
991 1163 1071 1215 vind.
1087 1161 1202 1216 incubi.

146 1230 206 1279 edd.
224 1233 287 1278 ante
308 1229 364 1283 Aio,
390 1229 410 1278 i.
427 1241 451 1280 e.
475 1229 546 1280 iiav.
568 1231 601 1286 b.
623 1224 702 1278 Vind.
723 1234 757 1279 Α.
775 1230 837 1280 Ain.
856 1243 914 1292 sqq.
933 1238 1042 1281 terente
1061 1233 1130 1284 oud.
1272 1266 1277 1279 .

180 1295 301 1363 ternpus]
326 1299 348 1346 t.
366 1299 519 1362 praeditet
543 1299 593 1350 Ox.
619 1299 697 1348 Leid.
715 1301 748 1348 A.
769 1298 840 1352 iiov.
857 1302 892 1349 Δ.
916 1299 999 1353 Vind.
1019 1303 1054 1351 A.
1078 1302 1140 1353 Aio.
1158 1302 1202 1353 eb.

146 1367 196 1419 Gr.
214 1379 238 1417 a·
263 1367 293 1418 P.
311 1369 384 1416 Men.
403 1369 483 1418 Torr.
896 1384 900 1396 ·

182 1437 207 1498 s.
226 1436 245 1485 i
262 1430 553 1494 Vercesiveiieunurn]
572 1434 614 1486 Gi.
634 1437 697 1486 adn.
718 1449 757 1485 cr.
776 1437 811 1487 ed
827 1450 852 1488 o.
870 1437 905 1489 io
925 1436 952 1496 S.
970 1440 996 1488 3.

181 1503 328 1571 Exiguum]
355 1506 499 1558 Audiit.
525 1505 596 1554 flav.
614 1505 649 1555 A.
677 1505 757 1554 vind.
779 1508 811 1555 A.
837 1507 898 1556 Aid.
917 1509 961 1556 ab.
985 1508 1036 1557 Gr.
1056 1517 1083 1556 a.
1109 1515 1204 1568 margo

146 1576 233 1627 Vasc.
251 1577 301 1634 (m.
320 1574 468 1633 b'reii.)1’.
486 1577 560 1624 bien.
580 1576 658 1627 Turn.
677 1573 752 1636 Lipe.
770 1589 829 1637 sqq.
853 1576 984 1642 linquam
1002 1571 1081 1625 Vino.
1096 1575 1127 1625 c.
1147 1574 1204 1625 int-

149 1656 235 1708 qnum
254 1644 378 1706 „reliqui
395 1639 517 1695 omnee“
537 1646 595 1694 cod.
616 1644 707 1693 ciacc.
727 1645 820 1697 Brent.
839 1645 917 1697 iure.
935 1647 1017 1695 cerr.
1033 1646 1127 1706 stepo.
1146 1644 1207 1693 Pet.

117 1764 123 1773 ,
141 1714 231 1765 Voss.
250 1716 281 1762 Α.
301 1714 376 1776 iigm.
394 1715 468 1763 Gott.
487 1713 555 1764 buo.
575 1713 657 1762 Febr.
674 1718 762 1771 (tecet
779 1715 813 1763 de
830 1713 878 1762 Cu.
898 1722 926 1764 et
943 1715 1028 1773 ιον.)
1046 1721 1103 1764 tree
1121 1712 1205 1764 cond.

148 1781 322 1833 Perisienses
348 1795 403 1830 sec.
428 1782 566 1831 Acbeintr.
592 1783 674 1844 Bong.
698 1782 732 1829 Δ.
758 1782 800 1831 ΡΙ.
824 1783 886 1833 Per.
908 1785 943 1834 A.
967 1785 1056 1834 Earn.
1080 1783 1129 1835 Dr.
1151 1783 1206 1849 rili.

148 1849 318 1902 vretnbc.
336 1851 479 1899 ocubuit.
493 1850 588 1899 bamb.
605 1851 658 1900 tiu.
678 1850 868 1902 vinnbbuti.
886 1854 949 1902 eid.
967 1858 1032 1904 ento
1045 1853 1107 1904 Aio.
1123 1845 1206 1902 Vesc.

148 1923 188 1972 St.
208 1921 255 1975 (ir,
269 1920 300 1970 b..
314 1918 429 1977 (Fecit.)
466 1919 540 1977 Quod
560 1919 605 1980 qui
625 1930 712 1981 nuper
729 1920 912 1985 reduxerunt,
931 1923 1077 1972 Diibnerue
1096 1931 1123 1971 et
1136 1921 1206 1983 Nip-

148 1990 291 2054 perdeius,
313 1987 377 2051 qnia
395 1987 525 2037 credibile
544 2000 597 2037 non
616 1991 660 2037 eet
678 1989 838 2049 scriptorem
857 1992 924 2052 boc,
943 1993 1013 2055 qrrod
1032 2003 1111 2041 nemo
1128 1994 1210 2053 igno:

149 2063 211 2123 ret,
237 2060 337 2107 docere
358 2056 500 2123 voluisse,
526 2057 579 2107 ioci
605 2055 773 2118 iniquitatem
799 2059 828 2106 in
848 2061 1093 2121 oppugnationibus
1116 2059 1207 2120 magni

149 2140 214 2178 esee
232 2124 375 2190 momenti,
396 2125 480 2176 iudet
500 2135 632 2186 praesens
651 2124 809 2176 historicum
827 2128 856 2176 et
874 2130 1036 2178 sententiam
1055 2129 1125 2177 beno
1144 2133 1206 2176 sta-

150 2207 229 2249 tuere
247 2197 360 2256 debent,
386 2195 439 2244 loci
463 2195 541 2244 iiiios
560 2193 731 2256 iniquitatem
748 2197 862 2245 muitum
880 2195 1021 2262 valuisse,
1046 2199 1076 2246 ut
1091 2195 1131 2247 ibi
1147 2207 1209 2247 mtt-

150 2267 223 2316 xirne
243 2266 426 2316 laboraretur.
469 2263 500 2313 ln
520 2277 574 2326 que
590 2263 726 2313 sententie
750 2276 802 2313 nco
819 2265 888 2314 eatis
907 2269 970 2326 epte
991 2268 1025 2317 ad
1043 2277 1208 2327 repraesen-

151 2336 261 2387 tandam
288 2346 345 2383 rem
371 2333 474 2383 iactam
499 2333 615 2382 eiectum
640 2331 744 2383 bebere
773 2333 887 2382 verbum
910 2342 968 2398 est,
992 2347 1044 2385 nec
1065 2337 1142 2385 reete
1167 2335 1210 2385 rei

150 2405 261 2469 iniquae
279 2407 308 2451 et
326 2402 537 2452 detrimentoeee
555 2400 715 2463 simpliciter
731 2412 858 2464 magnum
877 2403 1004 2453 tribuitur
1026 2405 1210 2465 neomeniam,

150 2474 221 2536 quod
243 2471 326 2522 tribui
352 2472 435 2520 rebus
461 2469 627 2534 ancipitibus
657 2477 685 2518 et
707 2468 736 2520 in
761 2478 1030 2534 utramquepartem
1056 2472 1211 2524 veientibus

152 2544 230 2592 sciet.
267 2541 311 2590 ci.
330 2540 391 2590 civ.
419 2543 452 2605 3,
469 2540 507 2591 70
531 2540 558 2601 s.
576 2540 612 2587 2:
636 2539 808 2602 itepareee
827 2550 877 2591 res
894 2541 1077 2607 mnpnum'in
1094 2544 1210 2593 utram·-
1315 2540 1319 2554 '

155 2625 210 2678 qne
234 2613 351 2671 praetem
367 2612 542 2658 moerentem
562 2607 733 2659 deiecerunt.
768 2606 918 2659 Praeterea
943 2610 1094 2676 facticium
1116 2613 1212 2661 eadem

153 2678 355 2743 significatione
374 2679 502 2742 iniquum
521 2677 575 2726 dici
594 2688 676 2741 atque
694 2680 789 2728 iocum
803 2691 873 2728 neue
896 2682 1013 2732 et'retio
1031 2680 1079 2729 vix
1101 2681 1210 2743 petiun-

153 2756 213 2811 tor,
238 2759 327 2810 neque
355 2759 421 2797 vero
449 2749 496 2795 etit
521 2758 570 2806 per
587 2758 617 2795 ec
636 2748 723 2796 scium
742 2755 791 2797 eut
814 2746 864 2798 iilo
885 2749 1003 2809 epitheto
1024 2758 1132 2799 auctum
1150 2761 1211 2799 cunr

152 2818 191 2870 nd
216 2814 416 2879 praepositione
437 2815 559 2863 construi
578 2815 665 2877 potnit
689 2827 722 2864 eo
743 2827 842 2880 senen,
868 2829 921 2879 quo
938 2817 1093 2880 Seyffertne
1110 2827 1138 2868 et
1155 2819 1213 2866 lio-

154 2886 304 2937 berenziue
322 2892 350 2932 et
367 2884 509 2934 Krenerns
531 2884 642 2946 velient,
667 2884 712 2945 qni
739 2886 851 2933 vertunt
877 2886 923 2937 die
948 2885 1122 2952 unpdnetipe
1139 2886 1212 2938 Net-

153 2969 230 3024 9unp
250 2955 300 3004 des
318 2953 429 3019 Hripele
450 2951 567 3010 (ories)
586 2965 644 3001 zur
665 2951 906 3019 Aietbdseipireit.
932 2965 983 3003 neo
1001 2956 1090 3016 magis
1107 2958 1143 3005 ed
1159 2955 1213 3005 iin-

153 3038 226 3090 guae
245 3030 273 3072 et
290 3025 324 3072 ed
343 3021 473 3071 caesaris
499 3022 625 3083 loquendi
652 3035 730 3072 usum
750 3022 901 3084 probabitis
920 3026 965 3070 est
985 3022 1108 3073 Diibneri
1126 3025 1213 3074 inter-

156 3094 276 3160 pretatio
295 3093 334 3143 ed
352 3091 549 3142 declivitatem
568 3091 637 3140 idem
658 3103 721 3141 esse
739 3092 877 3159 docentis,
898 3093 967 3152 quod
984 3094 1106 3155 praeter
1123 3093 1213 3144 dedii-

155 3163 293 3214 citatem:
324 3174 356 3211 ce
374 3159 511 3225 Joipnnnt
537 3155 557 3210 i
580 3159 610 3209 ln
634 3163 737 3225 pente,
760 3162 850 3212 outre
868 3164 945 3214 cette
962 3164 1057 3225 pente.
1093 3161 1214 3226 Denique

155 3233 217 3295 ipsa
236 3232 387 3296 sententia,
416 3243 496 3292 quern
515 3232 565 3279 bac
587 3231 705 3278 lectione
728 3231 865 3292 utcunque
889 3231 1104 3292 interprerectee
1122 3230 1213 3280 effici·

153 3315 232 3363 mus,
252 3302 317 3350 telis
334 3305 392 3361 est,
418 3302 448 3348 ut
467 3299 640 3360 praecedeuti
658 3298 749 3360 potius
768 3301 864 3349 verbis
883 3302 994 3351 usitatis
1016 3302 1142 3365 propter·
1158 3302 1214 3352 lori

155 3368 339 3431 iniquitatem
367 3369 412 3416 vel
439 3367 633 3419 declivitatem
659 3370 703 3417 vei
729 3368 865 3419 similibus
889 3369 991 3436 inseri,
1015 3381 1094 3434 qoam
1112 3376 1213 3432 per'se

153 3439 218 3503 poni
235 3439 362 3486 debuisse
380 3439 512 3487 videntur.

190 3507 390 3564 declivitatem]
422 3506 493 3555 linio
515 3505 631 3575 ominium
659 3506 806 3557 editionum
829 3505 984 3570 scripturae
1009 3508 1092 3559 uene.
1117 3509 1213 3565 neseio

157 3587 210 3640 qne
230 3577 264 3626 de
282 3587 369 3626 cause
386 3576 577 3626 auctoritatem
595 3575 696 3627 adiecit
714 3577 797 3627 Voss.
817 3576 850 3627 Α.
869 3578 945 3640 Egm.
964 3577 1039 3627 Gott.
1057 3580 1215 3632 oudendor-

113 3747 166 3799 .cui
179 3746 285 3797 caesar
302 3745 383 3796 etiem
402 3745 536 3796 adver-bie
548 3755 648 3797 motum
689 3746 775 3797 alicui
791 3748 830 3798 nti
847 3757 935 3798 auree
953 3746 1079 3798 accidere
1098 3751 1144 3800 vei
1162 3751 1214 3803 ed-

120 3816 308 3880 eigniiieentie
325 3829 358 3868 eo
375 3822 402 3862 et
418 3827 474 3878 quo
492 3817 534 3877 (ὃ,
552 3813 570 3863 i
589 3816 647 3875 §.2
690 3818 787 3869 votare
812 3817 916 3874 (Pieut.
934 3820 1031 3879 Amph.
1051 3826 1082 3875 t,
1101 3820 1215 3882 1,16ii.

116 3897 151 3937 et
163 3889 192 3952 7,
207 3885 241 3937 tt
255 3883 281 3945 S.
296 3888 329 3944 4)
346 3882 442 3933 Livius
457 3887 549 3935 eodem
563 3896 647 3935 sensu
690 3886 759 3940 Ruti.
778 3890 811 3949 2,
827 3888 860 3947 3,
875 3889 908 3944 2)
928 3887 1041 3954 dicitur,
1059 3889 1215 3951 optimeque

116 3957 160 4009 ad
179 3956 265 4018 iungit
283 3957 327 4018 31,
345 3955 379 4002 29
396 3950 422 4012 S.
438 3957 469 4003 i:
491 3953 647 4005 Athenien·
689 3957 741 4005 Aa.
761 3956 922 4016 wernerus
939 3956 1023 4011 vertit
1041 3956 1137 4015 urbm
1155 3957 1216 4013 tritt

119 4026 326 4090 atramentoque
344 4023 433 4087 lepaii
449 4023 487 4073 ad
500 4022 533 4072 e'd
549 4023 647 4074 conci·-
691 4030 718 4079 tt
736 4035 780 4078 bot
796 4024 833 4079 bie
850 4024 933 4080 &etit

118 4097 193 4147 tium
213 4094 421 4146 occurrerunt.
456 4093 550 4157 ireque
563 4092 647 4143 eimi-
742 4090 802 4154 Μ
822 4096 957 4157 iixiguuur
978 4095 1032 4146 iooi
1050 4097 1084 4147 ad
1097 4095 1216 4147 declivi-

121 4166 158 4219 tie
182 4164 284 4216 iocoue
308 4163 419 4216 videtur
444 4160 489 4226 ei,
515 4174 570 4226 coe
593 4175 647 4217 vox
689 4163 773 4217 tatem
801 4162 943 4230 ieetigimn
975 4178 1102 4230 magnum
1134 4166 1216 4219 benet
