2700 4726
203 301 273 375 aaa
458 298 531 368 ua
580 296 760 408 annuo
789 238 1041 368 aauutoo
1095 282 1099 296 ·

207 489 285 578 pari
305 492 415 554 aetate
437 493 473 552 et
491 486 619 571 gratia,
643 485 704 551 setl
726 506 847 572 genere
870 483 1024 572 dispari,
1046 504 1145 572 quem
1169 478 1300 551 Caesar

209 576 276 644 sihi
303 577 345 642 ah
374 575 545 642 Divitiaoo
568 574 732 640 traditum
761 597 801 638 ax
823 574 943 640 humili
968 576 1043 639 loco
1065 571 1107 637 ad
1130 591 1296 636 summam

210 660 409 751 dignitatem
431 661 647 750 perduxerat,
665 663 700 726 in
725 664 874 747 equiturn
898 684 1035 727 numero
1058 664 1298 737 oouvenoraut,

168 750 194 820 2'
212 751 408 818 nominatim
433 752 536 815 abeo
559 751 700 816 avocati.
741 751 808 816 His
829 759 904 814 erat
930 751 1019 815 inter
1047 771 1084 815 so
1106 746 1149 812 da
1173 747 1300 835 prinoi-

211 849 294 929 patu
309 839 490 917 eontentio,
510 844 546 902 et
559 839 594 903 in
610 837 669 902 illa
689 837 946 921 magistratuum
964 835 1194 902 controversia
1210 836 1300 899 altar

210 948 274 1017 pro
296 925 580 1006 Convictolitara,
618 926 706 990 altor
729 946 791 1014 pro
814 922 902 993 Coto
923 926 1063 991 summis
1086 923 1210 1010 opibus
1233 943 1301 1008 pu-

246 1116 301 1168 etis
326 1117 377 1167 sub
399 1127 437 1167 ro
460 1116 509 1166 Dr.
537 1116 566 1166 ll.
597 1113 809 1166 Viridomortno
831 1113 880 1165 Dr.
906 1116 942 1165 A.
972 1113 1168 1166 Vtrdumortts
1192 1113 1293 1162 Attin

244 1187 323 1250 Lips.
343 1183 382 1235 lu.
402 1186 450 1236 Gr.
469 1186 539 1235 Dav.
559 1184 602 1236 ct.
639 1183 682 1235 ct.
701 1198 726 1235 o.
745 1184 779 1234 38
796 1182 823 1244 S.
842 1189 869 1235 2.

279 1256 334 1306 sibi
349 1258 385 1306 ab
402 1255 555 1314 Divitiaco]
587 1254 622 1304 V.
643 1253 673 1304 c.
693 1255 760 1305 Vrs.
777 1255 849 1304 liar.
870 1253 904 1301 A.
929 1251 970 1301 iu.
988 1264 1049 1315 sqq.
1066 1250 1120 1301 sibi
1136 1264 1156 1301 o
1172 1247 1302 1301 dentum

243 1325 330 1376 vinti.
351 1324 384 1373 A.
402 1322 454 1374 sili
470 1324 505 1375 ob
522 1326 558 1375 D.
577 1324 628 1374 sibi
646 1325 731 1386 ltong.
752 1324 785 1374 A.
811 1323 853 1372 Pl.
872 1319 906 1372 ab
924 1323 959 1372 lt.
980 1321 1034 1370 atti
1053 1321 1161 1386 „tusa
1180 1321 1253 1382 pler.
1273 1322 1303 1368 et

244 1396 313 1452 lidi.
331 1391 416 1455 qud.“
435 1394 520 1444 Voss.
539 1395 573 1443 A.
592 1395 669 1456 Egm.
689 1393 765 1443 Gott.
788 1391 852 1441 Par.
872 1388 905 1440 A.
927 1389 1009 1440 vinti.
1029 1389 1058 1440 c.
1077 1391 1130 1438 (lu.
1148 1389 1221 1439 Ven.
1230 1385 1299 1440 1471

169 1518 175 1531 Γ
245 1467 275 1514 et
298 1465 354 1516 ino.
379 1475 435 1513 seo.
454 1464 514 1513 Etb.
533 1464 596 1512 lter.
616 1476 643 1511 o.
661 1464 696 1513 D.
716 1461 768 1512 otbt'
786 1461 835 1511 Dr.
853 1458 886 1510 A.
909 1460 988 1510 vrat.
1007 1461 1061 1517 All.
1083 1459 1169 1513 vaso.
1180 1460 1230 1508 'St
1249 1459 1301 1507 tir.

245 1535 272 1584 b.
291 1531 408 1593 (Frell.)
431 1531 482 1582 albi
506 1543 558 1582 otu.
581 1534 651 1586 hor,
671 1531 743 1581 Duk.
764 1530 846 1579 Dorv.
870 1528 928 1578 Pet.
946 1532 975 1579 et
991 1530 1075 1592 ltong.
1095 1529 1124 1580 G.
1144 1526 1231 1578 cont.
1249 1528 1300 1577 Dr.

246 1603 277 1652 tt.
304 1602 384 1651 Vrat.
401 1600 432 1651 G.
458 1599 541 1652 notu.
561 1602 593 1650 B.
618 1602 713 1650 llamb.
740 1600 823 1651 vinu.
848 1598 929 1648 Dnb'.
953 1612 1013 1648 oum
1038 1598 1154 1660 reliquis
1175 1598 1242 1647 ante
1259 1597 1302 1646 lu.

247 1671 307 1722 aid.
344 1670 497 1720 Pronomen
519 1671 585 1732 quin
603 1682 622 1720 a
639 1669 785 1730 scriptoris
803 1679 885 1718 manu
904 1668 952 1730 sit,
968 1668 1035 1717 milti
1056 1670 1171 1729 propter
1188 1666 1303 1728 perspi-

246 1739 359 1790 cuitatis
375 1741 528 1800 rationem,
557 1751 638 1802 quam
655 1742 758 1789 babere
777 1739 866 1802 rotet,
894 1750 949 1787 non
967 1737 1075 1786 dubium
1093 1740 1155 1799 est3
1188 1738 1217 1786 et
1237 1737 1304 1798 quia

246 1808 352 1859 vitiosa
369 1810 474 1859 caliois
491 1808 587 1871 optimi
606 1809 748 1871 scriptura
764 1807 878 1857 facilius
894 1807 1029 1868 explicari
1044 1808 1153 1868 potest,
1172 1806 1198 1855 si
1214 1805 1304 1867 priori

249 1879 330 1945 loeo,
350 1888 432 1940 quam
451 1878 475 1927 sl
493 1878 644 1940 posteriori
661 1879 782 1940 positum
800 1876 867 1940 tuit,
886 1876 915 1924 in
932 1877 982 1926 illo
999 1875 1174 1925 retinentium
1193 1874 1302 1940 putari,

245 1960 327 2012 quem
351 1948 470 1997 alterurn
493 1948 627 1999 librorum
646 1960 733 2011 genus
752 1947 852 1994 tuetur.
879 1944 928 2003 (ab
948 1945 1089 1996 Divitt'oto
1107 1946 1205 1996 llamb.
1220 1957 1249 1996 a.
1266 1945 1303 1994 l).

213 2024 215 2033 “
246 2019 317 2070 Van.
336 2017 355 2065 i.
374 2030 393 2066 o
410 2018 553 2067 Divlotteo
571 2016 655 2068 Viutl.
674 2017 705 2066 Il.
725 2015 860 2066 annotino
880 2014 929 2064 Dr.
950 2012 997 2078 lt.)

280 2084 425 2152 traditum]
443 2099 495 2136 om.
514 2087 574 2139 ootl.
593 2086 687 2135 lirant.
706 2087 774 2135 ιον.
794 2084 890 2134 liamb.

280 2153 307 2216 S.
326 2159 342 2205 2
358 2156 585 2219 magistratuum]
602 2155 807 2220 anaptatratam
824 2155 896 2202 liar.
916 2153 949 2201 A.
970 2151 998 2201 et
1017 2152 1082 2201 aute
1101 2161 1175 2201 corr.
1195 2148 1247 2199 Dr.
1266 2148 1301 2198 A.

243 2224 438 2290 maptstratto
461 2225 540 2274 Laid.
560 2227 592 2275 A.
616 2223 699 2273 vind.
717 2223 776 2272 Ab.
802 2223 863 2275 eorl.
883 2229 946 2271 aute
963 2219 1026 2270 Ata.
1063 2219 1110 2271 Sia
1128 2230 1146 2269 a
1165 2215 1302 2270 Cicerone

246 2296 304 2345 Ait.
325 2296 351 2355 2,
369 2294 387 2344 7
406 2295 432 2356 s.
452 2295 468 2342 ³
488 2293 560 2344 rino
576 2294 742 2358 oopuratua
759 2291 869 2341 (licitur.

219 2363 224 2377 ¹
280 2362 516 2421 Convictolitave]
548 2364 650 2427 „MSS
670 2358 715 2409 4“
738 2361 808 2411 Lov.
831 2361 910 2423 Egm.
927 2358 1002 2407 nott.
1019 2355 1104 2408 Viotl.
1123 2354 1155 2406 it.
1173 2354 1253 2406 Rom.
1273 2365 1301 2403 a.

244 2431 318 2481 Veu.
336 2432 357 2481 t.
384 2429 608 2481 Convictolitavi
627 2431 714 2492 llong.
735 2434 768 2481 A.
795 2429 927 2479 oonoteto
945 2426 1036 2476 tttooo
1055 2427 1141 2477 Voss.
1160 2424 1194 2473 A.
1219 2423 1303 2474 Febr.

246 2499 482 2551 eonotototttooto
496 2498 565 2552 ,Pet
587 2499 720 2549 convicto
742 2498 875 2550 tittooteo
901 2493 984 2548 Vlutl.
1009 2495 1043 2543 A·
1071 2493 1303 2545 t'onoietotitaao

264 2665 420 2717 nominatim
461 2667 497 2719 ab
540 2678 573 2718 eo
612 2665 736 2725 evooati]
831 2662 860 2714 in
873 2653 934 2715 'illa
957 2663 1166 2728 magistratuum
1194 2665 1305 2714 contro-

211 2735 254 2788 ct.
272 2735 299 2800 5,
316 2734 335 2788 4
354 2735 379 2796 S.
397 2740 425 2786 ².
779 2731 887 2799 versia]
904 2732 949 2797 qut
968 2735 1063 2784 deluto
1080 2732 1212 2784 nominati
1230 2741 1304 2797 suut,

263 2808 289 2869 s.
309 2807 326 2854 2
345 2806 395 2853 llis
409 2804 470 2855 erat
483 2802 555 2853 inter
567 2815 598 2852 se
610 2802 644 2851 tle
657 2803 735 2865 prin·
780 2801 1010 2853 Convictolitavis
1034 2809 1062 2850 et
1082 2801 1161 2866 coti,
1190 2814 1305 2864 quorum

210 2870 302 2936 etpatu
316 2871 467 2932 contentio]
484 2874 544 2924 Nou
559 2872 617 2921 siue
631 2873 736 2923 ratione
780 2876 894 2937 uterque
916 2884 948 2920 se
972 2871 1162 2934 magistratum
1185 2871 1304 2924 ferebat.

209 2943 388 2994 Rbellioanus
414 2944 483 3001 haeo
503 2955 535 2993 eo
553 2940 667 2992 consilio
684 2944 735 2992 att-
779 2941 926 3003 Lippertos
957 2944 990 2990 tle
1023 2953 1134 2989 munere
1165 2940 1304 3001 cogitasse

210 3010 270 3073 dita
307 3011 462 3077 existimat,
496 3013 527 3060 ut
556 3009 737 3078 intelligatur,
780 3013 807 3060 et
826 3011 955 3071 pluralem
974 3021 1006 3058 eo
1025 3009 1164 3059 rettulisse
1182 3009 1305 3073 vitietur,

209 3092 262 3132 eur
286 3078 393 3130 caesar
422 3080 485 3130 illos
514 3080 670 3130 nominatim
701 3086 736 3131 ao
778 3080 849 3143 quod
874 3080 967 3140 plores
990 3078 1024 3127 tle
1050 3091 1082 3128 eo
1107 3080 1306 3130 contenderent

209 3162 244 3201 sa
261 3153 416 3199 evocandos
435 3150 589 3212 potaverlt3
606 3150 736 3212 seoqooi
778 3147 834 3215 (bet
857 3149 921 3199 dent
940 3146 1055 3212 streit,
1084 3160 1132 3198 wo
1157 3145 1305 3200 zwisalten

119 3220 125 3232 '
210 3219 359 3270 Gaesarem
391 3230 524 3282 sperasse
558 3216 625 3267 tticit
649 3219 736 3280 ipsius
778 3217 853 3268 zwet
881 3217 1041 3274 Mctnnern,
1059 3243 1095 3254 ·-
1122 3217 1217 3270 deber
1248 3218 1304 3269 olet·

210 3286 405 3340 cousuetudine
429 3288 511 3350 atque
535 3286 651 3348 impulsu
670 3286 735 3338 fieri
777 3286 882 3339 Plorat
916 3309 967 3349 -‚
1014 3285 1060 3337 die
1097 3298 1154 3337 zur
1188 3285 1302 3338 Ertaia·

209 3368 292 3421 possa
316 3359 348 3407 ut
370 3357 398 3406 iu
415 3355 585 3407 concordiam
605 3357 736 3422 redirent,
778 3368 855 3423 punp
884 3355 938 3406 der
962 3354 1303 3423 tocbsten‘obrtptetttt-

144 3436 146 3441 ’
208 3426 298 3477 minua
325 3423 464 3488 probabile
489 3425 608 3474 videtur.
653 3425 735 3476 Certe
778 3425 851 3475 elren
882 3426 973 3476 Stette
1006 3422 1152 3491 Hoffnonp
1189 3425 1303 3492 butten,

208 3493 354 3549 eoncordia
371 3495 443 3557 ista,
467 3507 547 3558 quam
565 3507 630 3544 vera
648 3494 736 3544 exsti·
778 3491 960 3546 entscbteoen
978 3497 1098 3545 werden
1110 3496 1212 3559 sollte)
1225 3494 1304 3559 quasi

208 3564 277 3615 tisse
307 3563 379 3614 luter
407 3572 454 3613 eos
485 3571 604 3613 eventus
633 3564 734 3628 (locuit,
778 3563 848 3627 quoti
869 3565 962 3625 plures
980 3563 1110 3628 ambiunt,
1127 3565 1200 3616 obiti
1215 3564 1304 3625 ipsum

207 3645 296 3696 nequa
313 3645 362 3694 per
374 3629 523 3683 Caesarem
539 3633 639 3682 effecta
654 3635 735 3682 vius·
778 3644 859 3682 uuum
877 3644 940 3681 esse
959 3633 1074 3683 desinat.

207 3710 255 3751 tur
285 3711 372 3765 neque
404 3701 534 3752 Romanis
565 3701 640 3752 utilis
672 3702 734 3752 luit.
830 3700 1030 3768 alter-alter]
1047 3701 1217 3752 scribentem
1233 3703 1302 3753 haec

208 3767 326 3830 Propius
342 3781 360 3819 a
378 3782 447 3821 vero
470 3773 549 3821 abest
573 3770 656 3821 rebus
673 3783 736 3830 eum
779 3764 928 3822 Caesarem
945 3772 1042 3834 fugere
1060 3785 1112 3821 nou
1134 3775 1242 3831 poterat
1257 3770 1302 3821 tli-

208 3839 380 3888 llaetluorum
407 3837 448 3888 sia
473 3839 544 3890 satis
569 3840 621 3904 (oi.
648 3852 672 3889 o.
698 3837 735 3890 at
778 3839 877 3892 ationis
895 3853 960 3891 suae
979 3841 1158 3906 ambiguitas,
1183 3838 1209 3890 si
1226 3840 1301 3902 prius

208 3905 236 3968 s.
261 3901 293 3974 1)
317 3906 474 3969 compositis
498 3921 535 3958 na
559 3921 649 3958 novae
667 3922 733 3960 oon·
777 3911 856 3961 atter
877 3911 1011 3972 etiamad
1031 3922 1110 3976 eum,
1140 3908 1187 3973 qui
1205 3917 1299 3970 poste·

208 3975 365 4026 troverslao
397 3981 556 4041 orerentur,
585 3978 733 4040 providere
775 3979 843 4029 riori
868 3980 929 4030 looo
952 3979 1107 4029 nominatus
1128 3981 1219 4044 esset,
1250 3989 1300 4041 po·

207 4049 236 4095 et
249 4042 311 4095 iuteo
323 4044 470 4096 lactionum
478 4045 649 4096 diversarum
658 4047 733 4108 prin·
775 4048 878 4099 sterius
904 4050 940 4099 ad
962 4049 1081 4109 priorem
1106 4047 1207 4099 reterri
1231 4059 1300 4098 usus

206 4113 284 4195 elpes
303 4126 396 4163 seeum
415 4115 516 4164 babere
533 4114 635 4180 potius,
653 4128 732 4177 quam
774 4116 884 4180 liuguae
901 4116 1067 4186 patiebatur,
1084 4117 1111 4168 io
1129 4118 1201 4181 quoti
1216 4127 1300 4180 supra

204 4183 239 4236 lu'
252 4181 365 4236 otvltate
381 4182 537 4248 relinquere
555 4184 690 4236 voluisse.
774 4197 799 4237 o.
820 4189 854 4241 17
871 4185 898 4248 S.
920 4187 936 4237 2
955 4187 1059 4252 scripta
1074 4186 1232 4252 legentibus
1249 4187 1301 4238 tlu-

772 4452 782 4479 Ι
