2700 4726
433 287 539 367 nun
562 289 644 362 vu.
687 287 811 363 cnr.
834 258 879 364 ro
1129 294 1198 365 roo

111 479 332 549 Haeduorum
351 477 478 547 finibus
496 477 777 560 recensebantur,
798 500 1023 568 numerusque
1036 478 1199 563 inibatur,

111 569 276 658 praefecti
306 566 612 636 constituebantur.
663 567 816 637 Commio
840 568 1025 651 Atrebati,
1054 566 1199 637 Virido-

111 678 208 724 maro
227 662 263 723 et
281 654 507 743 Eporedorigi
522 655 694 740 Haeduie,
715 655 1016 725 Veroeeirelleune
1029 657 1199 742 Arverno,

111 744 314 811 consobrino
350 742 660 828 Vercingetorigis,
698 766 831 817 tumme
851 745 1003 835 imperii
1035 745 1197 816 traditur.

72 900 76 905 .
110 831 179 901 Hie
202 830 326 901 umenti
355 853 396 899 ex
418 832 613 905 civitatibus
635 832 889 917 attribuuntur,
915 854 1060 923 querum
1087 832 1241 905 couri-4

147 1038 207 1091 eii.
223 1044 287 1090 ente
305 1039 408 1102 etpost
424 1040 496 1092 Veu.
512 1042 534 1091 t.
550 1051 653 1091 omnen.
677 1018 795 1093 061ιῆ
812 1040 859 1093 Dr.
877 1042 911 1092 Α.
929 1040 981 1095 00.
991 1036 1056 1094 XL.
1074 1040 1200 1094 mittitur

147 1110 220 1158 ven.
237 1109 259 1158 i.
291 1108 417 1162 ducenta
434 1110 631 1176 qnadraginta
648 1111 729 1162 mnia
749 1113 827 1172 lium.
845 1111 928 1163 Febr.
947 1114 1027 1166 Vtut.
1047 1113 1083 1161 Δ.
1102 1113 1199 1164 fleme.

147 1177 291 1229 CCXXX
312 1179 372 1229 Pet.
395 1192 452 1230 seo.
476 1180 559 1235 retr.
583 1181 614 1231 et
637 1177 722 1231 cont.
748 1180 849 1233 CGLX
873 1177 962 1233 81111).Ι
984 1183 1035 1233 Dr.
1052 1180 1084 1234 li.
1101 1183 1133 1233 et
1149 1192 1200 1247 pru

147 1297 177 1332 v.
190 1284 209 1332 ι.
227 1279 309 1330 vnn.
323 1281 356 1331 r.
374 1280 441 1335 cot
457 1283 508 1335 ox.
521 1283 549 1331 ι.
563 1281 641 1331 nete.
654 1284 688 1332 r.
706 1282 778 1333 nav.
793 1280 827 1332 A.
846 1282 928 1336 vent.
943 1285 975 1334 n.
992 1249 1060 1336 'iii
1072 1283 1199 1337 uince

147 1351 271 1401 Eundem
298 1365 435 1403 nnmerum
462 1353 497 1401 ab
521 1351 619 1403 orosio
642 1350 789 1403 exhibitum
816 1353 933 1418 (ltaque
958 1353 1064 1417 eosque
1086 1365 1121 1405 eo
1142 1366 1201 1411 nn·

147 1433 245 1484 orere,
266 1432 349 1485 quem
366 1418 512 1485 infinitum
527 1422 595 1472 onte
612 1408 824 1486 contruxerat,
843 1422 973 1486 equitnm
991 1422 1114 1474 circiter
1134 1423 1200 1472 octo

148 1489 255 1552 utilio,
285 1491 413 1554 peditum
435 1491 561 1541 ducente
590 1490 800 1556 quinquaqinta
824 1492 915 1543 mittin
942 1495 1097 1544 contrecto
1121 1492 1201 1544 eunt.

148 1563 182 1622 6,
202 1561 234 1608 tt
252 1572 280 1620 p.
299 1557 376 1618 tot.)
401 1563 432 1611 nt
450 1571 517 1611 enne
536 1561 569 1608 ie
592 1561 718 1623 catatogo
734 1560 853 1620 opinioni
872 1563 1078 1613 convenientem
1095 1559 1202 1622 recepit

148 1629 230 1689 Nipp.
274 1629 359 1688 Quem
384 1641 523 1679 numerum
548 1627 573 1677 si
591 1641 685 1678 verum
706 1641 770 1677 ecee
790 1631 932 1694 volumus,
957 1629 1074 1693 reliquie
1093 1630 1201 1693 enicem

150 1697 310 1748 ciuitatibus
332 1698 459 1764 totidem,
484 1700 549 1760 quot
568 1709 652 1760 cupre
670 1697 759 1759 posita
776 1707 855 1763 eunt,
881 1701 1032 1753 mmomcie
1056 1711 1125 1749 vero
1147 1711 1202 1750 uon

150 1770 197 1819 X:
215 1769 264 1817 eei
287 1767 352 1815 XX.
377 1768 453 1817 milia
480 1766 616 1827 imperata
639 1767 797 1831 rectamne,
822 1780 892 1832 quee
914 1780 1021 1821 eamme
1049 1767 1204 1832 aequaliter

148 1838 221 1887 inter
245 1847 339 1885 omnen
365 1837 525 1896 distribute,
551 1835 576 1883 ui
599 1836 677 1885 motio
700 1840 923 1904 omnesomnes,
949 1852 1028 1902 quem
1050 1840 1087 1890 x.
1112 1840 1203 1904 eraut,

150 1905 266 1966 singuiis
292 1906 374 1966 panto
401 1914 491 1953 temen
513 1901 660 1963 minorem,
687 1916 766 1965 quam
784 1905 918 1957 Batrracie
943 1918 970 1957 et
987 1906 1061 1958 Boiis
1083 1907 1204 1970 inpere-

149 1978 205 2026 tum
224 1985 363 2024 numerum
384 1972 480 2025 efficit.
521 1972 575 2021 Sed
590 1972 656 2022 nibil
672 1981 732 2038 eet,
759 1976 830 2036 quoi
848 1975 941 2036 optimi
959 1977 1061 2028 coticis
1080 1976 1204 2026 auetori-

149 2048 234 2095 tatem
256 2042 385 2092 deserere
411 2053 463 2091 noe
489 2043 578 2104 cogat.
625 2042 711 2090 Unum
743 2043 850 2094 dubium
880 2045 1059 2110 relinquitur,
1090 2045 1204 2096 mitione

85 2159 89 2165 .
150 2123 248 2164 nomen
272 2117 363 2163 utrum
385 2112 422 2162 ed
443 2109 520 2162 VIII.
544 2121 581 2159 an
598 2110 635 2160 ed
656 2107 839 2162 CCXXXX.
861 2113 999 2165 addidisse
1017 2112 1133 2176 sempter
1152 2127 1204 2177 pu·

126 2184 248 2233 ‚taudue
267 2179 312 2231 eit.

185 2260 446 2330 Verceeivettonno]
478 2297 500 2332 „
509 2261 755 2331 vernationem,
788 2263 999 2315 Vereoeeionno
1024 2266 1053 2314 et
1080 2263 1206 2321 similiter

151 2337 228 2387 MSS.
250 2335 327 2384 multi
351 2342 379 2384 et
403 2335 470 2386 Eud·
489 2335 566 2383 Veto.
587 2340 614 2381 et
633 2327 741 2386 Celsus.
783 2334 837 2384 Seu
854 2333 903 2384 Gr.
926 2329 1152 2401 Βιργασιλαῦνῳ,
1176 2338 1205 2387 et

150 2405 193 2454 eic
211 2401 271 2467 cnj.
288 2406 319 2454 11·
340 2417 380 2465 ur.
396 2404 469 2454 Soet.
487 2403 538 2454 01.
555 2402 625 2451 And.
644 2414 669 2450 c.
686 2401 731 2464 83,
748 2399 792 2466 85,
812 2402 858 2454 88.
877 2403 954 2452 MSS.
971 2405 1032 2454 iere
1049 2416 1074 2456 o.
1092 2406 1120 2453 et
1136 2404 1206 2455 Edi.

150 2488 195 2538 pp.
227 2473 515 2537 verumenimvero,
539 2473 568 2520 et
591 2471 622 2521 b.
642 2484 683 2541 pr·
708 2471 948 2524 Gnosinettunnne.
989 2473 1027 2522 at
1048 2470 1078 2523 tn
1096 2484 1206 2525 nummo
1315 2518 1318 2523 .

150 2543 233 2594 etiem
260 2539 408 2608 Veryec.“
448 2543 501 2591 llic
525 2553 648 2591 nummus
672 2539 707 2589 ab
724 2541 930 2602 Heverkampic
952 2541 988 2591 ed
1004 2541 1082 2593 orne.
1105 2556 1132 2606 p.
1151 2539 1205 2596 403

151 2615 375 2673 repraesentatus
390 2612 506 2660 itiitere
523 2610 655 2659 exbibens
673 2609 757 2672 cupiti
773 2609 899 2661 muliebri
915 2609 1082 2674 adscriptum
1099 2623 1117 2662 n
1134 2613 1207 2664 Bon-

152 2685 246 2733 teroco
263 2682 298 2731 ad
315 2679 567 2743 Vercingetorigem
583 2677 721 2741 pertinere
739 2679 920 2732 existimetur.
953 2681 1097 2741 Scriptura
1113 2685 1207 2735 autem
1225 2683 1227 2693 '

152 2752 276 2802 codicum
299 2751 370 2800 Ant.
390 2749 441 2798 01.
459 2748 509 2813 Gn.
527 2749 553 2797 S.
573 2746 649 2797 beiti.
667 2749 719 2809 8.,
740 2748 766 2798 ei
783 2756 914 2799 nucereto
932 2749 999 2799 dixit
1016 2750 1104 2814 one,
1132 2754 1209 2803 Ver·

153 2819 307 2888 nocitouno
325 2826 384 2882 eet,
410 2817 628 2879 quemadmodum
649 2815 677 2865 in
696 2816 768 2866 Her.
786 2812 820 2868 Α.
843 2817 957 2883 legitur,
983 2829 1037 2868 nou
1059 2819 1207 2886 Verynait-

153 2893 258 2955 tanne,
281 2890 351 2952 qnod
369 2887 404 2938 ab
422 2887 483 2944 ineo
500 2898 561 2935 cum
580 2885 651 2935 Alio
675 2892 703 2933 et
721 2897 780 2947 unq.
799 2886 900 2937 editum
918 2889 1008 2937 exstet
1026 2885 1053 2935 in
1071 2888 1152 2943 Vini.
1170 2891 1205 2939 A.

156 2959 368 3012 Veronaeioono
387 2956 469 3007 babet
487 2954 545 3004 Pet.
565 2954 647 3005 Febr.
673 2954 901 3010 (Verconniuuno
925 2955 985 3006 l’et.
1003 2954 1104 3016 cont.)
1128 2950 1206 3010 Ver-

154 3028 329 3081 cueioneuno
356 3037 441 3088 vero,
467 3024 538 3086 quod
562 3023 588 3072 in
616 3021 707 3073 nultte
726 3035 789 3072 esee
810 3023 894 3087 dicit,
917 3036 970 3084 ego
987 3024 1015 3074 iu
1033 3038 1087 3075 nno
1104 3026 1153 3092 Dr.
1171 3031 1207 3080 A.

154 3097 264 3149 iuveni:
299 3094 546 3147 Verconnicneuno
570 3093 669 3145 babent
688 3092 761 3143 Gott.
782 3085 866 3144 Voee.
883 3095 916 3143 A.
934 3096 1012 3158 Egm.
1036 3095 1104 3145 Lbb.
1124 3096 1207 3147 Febr.

153 3158 446 3228 (Vercaostunounoi
465 3164 538 3214 Gott.
557 3162 641 3219 Wb.)
664 3161 749 3224 nong.
763 3163 798 3213 Δ.
816 3163 858 3212 ΡΙ.
874 3164 947 3232 ier.
963 3168 996 3212 A.
1016 3164 1062 3213 Dr.
1078 3167 1108 3218 tt.
1128 3168 1207 3223 vret.

153 3237 210 3288 ΑΟ.
234 3236 331 3287 Hamb.
352 3235 408 3285 ne.
433 3232 515 3287 vino.
533 3230 611 3286 nur,
646 3229 891 3282 Vercuocinnennc
916 3232 1046 3287 ticonii.
1069 3234 1153 3287 Vini.
1172 3237 1206 3287 D.

156 3307 236 3356 Rom.
251 3317 276 3355 e.
302 3306 374 3355 Med.
391 3316 418 3356 a.
441 3302 513 3352 ven.
530 3301 558 3350 b.
581 3301 643 3351 Ber.
677 3301 922 3351 Vercaaoiooerno
938 3302 1009 3352 Veu.
1026 3305 1086 3354 ede.
1111 3306 1156 3366 (in
1170 3320 1206 3356 m.

155 3377 228 3425 Ven-
245 3386 269 3422 ο.
293 3382 323 3425 ut
345 3374 371 3423 b.
395 3374 476 3424 babet
496 3367 785 3428 Vercoerioueunur.)
813 3371 1059 3425 Vercaooionenno
1079 3375 1159 3424 Vrat.
1176 3376 1207 3424 r.

157 3443 405 3494 Vercoeeinnemio
422 3443 493 3493 Lon.
513 3441 594 3492 Febr.
630 3438 879 3491 Vercoaoiottenno
904 3441 985 3492 Vini.
1004 3443 1049 3494 ci.
1083 3445 1208 3494 Verona-

156 3512 259 3563 cinttoe
275 3525 332 3562 uno
355 3514 440 3573 flung.
459 3511 490 3561 c.
516 3507 763 3561 Veronociriucuno
778 3509 836 3560 Pet.
865 3513 1100 3563 Verooaciomenc
1118 3514 1206 3562 Hecu.

159 3583 390 3633 Vercaoioetteno
406 3583 477 3631 Veu.
496 3581 516 3630 i.
544 3580 710 3629 Petrarctme
728 3579 778 3643 18,
796 3577 831 3629 to
850 3592 907 3632 nee.
924 3582 985 3631 coti.
1005 3581 1100 3637 tiemb.
1132 3583 1207 3631 Ver-

155 3651 352 3716 coainetanur,
379 3661 434 3698 sec.
452 3650 494 3698 ed.
513 3662 554 3710 nr.
586 3649 814 3703 Vermotonenns
832 3652 956 3703 vocatur.
992 3650 1067 3710 Quoi
1087 3650 1122 3701 ai
1139 3650 1208 3701 reli·

156 3733 223 3786 quoe
249 3729 305 3773 tres
323 3722 399 3770 locon
417 3718 529 3781 attinet,
555 3717 652 3781 quibu·
670 3717 738 3769 0nd.
759 3717 823 3775 item
840 3731 900 3768 cum
919 3712 989 3767 Atto
1006 3721 1035 3767 et
1050 3731 1109 3783 eqq.
1134 3722 1209 3772 Ver-

154 3790 248 3857 quent.
276 3790 399 3841 scribens
421 3787 487 3839 nihii
511 3786 565 3837 nisi
587 3798 666 3839 enum
696 3788 732 3839 ai
760 3789 789 3839 b.
812 3788 832 3836 t.
861 3786 1060 3839 nonnionem
1089 3789 1208 3841 contem

121 3958 261 4023 prioribus
279 3958 426 4015 coniuncte
441 3958 600 4009 ferebantur
614 3957 648 4006 ob
691 3955 789 4019 quitus
822 3968 874 4011 non
908 3959 987 4010 motio
1021 3959 1208 4013 acerentinum

122 4028 338 4096 ignorationem,
377 4035 406 4079 nt
437 4026 549 4090 opinor,
586 4025 647 4077 eiue
688 4025 855 4088 pronominis
892 4028 1113 4096 demonstrativi,
1157 4029 1208 4079 sed

121 4099 305 4157 ablativorum
319 4097 503 4150 ebeotutorun
516 4108 594 4160 neue,
611 4097 645 4146 tie
688 4095 771 4146 etiam
791 4096 988 4149 nominativum
1010 4107 1086 4151 recte
1109 4107 1208 4147 euoce-

120 4179 174 4232 quo
197 4169 297 4222 dictum
320 4175 363 4220 eet
385 4168 421 4219 ai
445 4163 478 4232 4,
502 4166 535 4216 21
562 4164 590 4227 s.
608 4167 642 4228 ⁶3
686 4165 750 4217 dere
768 4176 852 4229 poene
869 4165 913 4221 tuo
930 4167 1009 4219 locun
1025 4173 1165 4226 monstrat.
