2700 4726
228 298 297 369 ase
491 294 563 363 nu
589 293 773 409 eruco
805 246 1055 395 satureo

156 522 160 534 ·
228 508 295 553 non
319 483 448 552 civibus
468 482 645 564 Romanis,
664 484 723 571 qni
746 483 875 638 Gsabi
897 483 1037 573 perfidia
1060 484 1236 553 Gallorum
1260 486 1312 553 iu·

227 574 410 654 tuissent,
439 581 669 662 percuterent.
713 570 767 636 Ha
834 572 948 639 eadcrn
973 574 1225 640 centurionibus
1248 575 1312 659 tris

228 660 395 749 bunisque
419 662 566 727 militum
588 657 810 739 mandabant,
836 669 874 724 ut
899 679 959 746 per
982 672 1039 726 e'os
1063 662 1105 726 ad
1128 660 1310 743 Caesareus

227 749 452 816 deferrentur.
507 749 562 815 18.
589 747 675 815 Gom
697 748 763 812 iam
788 770 884 813 muro
905 756 1019 814 turres
1039 750 1311 836 adpropinquas-¹

226 845 315 921 sent,
338 860 379 903 ex
402 836 547 923 captivis
569 833 696 902 Caesar
719 838 875 918 cognovit
897 833 1206 922 Vercingetorigem
1231 859 1311 903 coo.

225 933 363 1012 sumpto
386 924 511 1011 pabulo
534 930 646 988 castra
672 923 817 987 movisse
840 922 980 1008 propius
999 925 1187 989 Avaricum
1208 933 1310 1012 atque

224 1011 337 1099 ipsum
357 1034 429 1077 cum
451 1012 605 1097 equitatu
620 1008 865 1096 expeditisque,
884 1011 942 1096 qui
958 1010 1049 1076 iuter
1063 1012 1195 1097 equites
1211 1033 1310 1099 proe-

223 1100 305 1165 liari
328 1106 566 1179 consuessent,
597 1096 794 1162 insidiarum
818 1118 919 1160 causa
941 1118 981 1161 co
1006 1099 1218 1186 profectum]
1241 1094 1308 1186 quo

224 1195 361 1255 nostros
393 1193 530 1277 postero
561 1184 616 1249 die
649 1185 844 1271 pabulatum
875 1193 1037 1251 venturos
1069 1188 1307 1253 arbitraretur.

179 1265 204 1328 2
226 1275 361 1361 Quibus
384 1275 486 1340 rebus
507 1273 652 1356 cognitis
673 1270 783 1337 medie
804 1279 900 1336 nocte
923 1274 1059 1339 silentio
1075 1275 1248 1360 proiectus
1264 1274 1308 1341 od

180 1356 202 1418 3
224 1363 371 1430 hostiurn
395 1368 508 1427 castra
530 1380 625 1424 ruane
648 1361 813 1449 pervenit.
855 1357 912 1424 Illi
933 1362 1090 1427 celeriter
1108 1385 1172 1450 per
1192 1365 1307 1452 explo-

222 1462 356 1517 ratores
384 1448 530 1515 adventu
555 1445 714 1514 Caesaris
744 1445 878 1530 cognito
908 1469 1024 1514 carros
1053 1448 1307 1538 impedimenta-

221 1561 286 1626 que
311 1560 373 1605 sua
396 1539 430 1601 in
453 1535 598 1602 artiores
624 1536 728 1601 silvas
748 1534 967 1621 abdiderunt,
1002 1539 1119 1625 copias
1141 1537 1250 1604 omnis
1271 1538 1307 1603 iu

199 1778 204 1784 ,
253 1728 285 1779 B.
305 1727 357 1778 Ge.
376 1726 459 1779 Viuo.
479 1726 511 1776 F.
529 1725 599 1789 quod
616 1726 684 1776 oud.
705 1727 739 1775 ob
756 1726 951 1787 percuterent
968 1727 1069 1777 fectum
1088 1728 1210 1792 putebat,
1229 1726 1307 1793 qnasi

253 1800 330 1849 esset
355 1810 390 1847 ex
413 1797 554 1864 perferre
576 1795 679 1845 factum
696 1796 881 1860 perferrent.
915 1796 982 1847 illibi
1002 1797 1104 1848 celani
1122 1799 1219 1867 iepse,
1251 1809 1307 1850 nou

252 1867 351 1919 urentis
362 1860 464 1916 'errore
482 1871 569 1914 ortum
588 1863 708 1918 videtur.
1147 1900 1150 1905 .

287 1936 476 1999 percuterent]
495 1935 680 1996 peterentur.
701 1935 784 1997 Bong.
803 1935 835 1982 A.
855 1933 897 1983 Pl.
915 1935 1054 1998 potenter
1074 1934 1169 1984 liamb.

287 2005 355 2066 Cep.
372 2005 414 2056 18.
432 2002 460 2063 S.
480 2007 493 2052 1
515 1994 792 2070 adpropinquassent]
809 2003 892 2054 Voss.
910 2005 944 2052 A.
963 2005 1040 2066 egon.
1059 2005 1156 2069 (Boug.
1174 2005 1224 2062 A.)
1242 2003 1304 2054 Per.

251 2075 286 2126 A.
306 2076 383 2124 Vrat.
404 2077 436 2125 A.
453 2071 536 2122 Vind.
556 2074 590 2123 A.
609 2086 662 2124 non
681 2087 748 2138 epp.

284 2141 457 2209 insidiarum]
474 2141 629 2192 insidiando*
646 2144 716 2193 And.
732 2144 783 2194 01.
801 2140 852 2192 (iu.
870 2144 898 2194 S.
916 2144 951 2193 V.
969 2138 1304 2203 c.Urr.1.eid.A.flev.

250 2215 285 2266 A.
311 2214 375 2264 Par.
400 2213 430 2260 B.
458 2210 537 2261 Vinci.
557 2206 589 2262 A.
609 2213 759 2263 normale.
795 2210 838 2265 Gi.
856 2213 917 2263 Afr.
936 2211 971 2277 53
989 2214 1018 2261 et
1035 2213 1087 2276 62,
1112 2208 1306 2262 liberiensi

269 2283 359 2338 rotie.
1063 2290 1074 2309 ²
1159 2298 1169 2310 ·

209 2341 212 2346 ’
248 2297 330 2411 σου]
349 2363 401 2400 om.
420 2349 488 2400 And.
510 2347 561 2398 01.
580 2348 607 2400 Ι.
625 2346 702 2397 Leid.
722 2349 755 2400 A.
774 2348 849 2398 Her.
868 2352 901 2398 A.
926 2349 991 2398 Per.
1015 2348 1044 2399 ll.
1056 2344 1145 2402 ‚vinu
1165 2348 1223 2401 Ab.
1242 2349 1303 2404 edo.

248 2423 311 2470 ente
329 2423 389 2475 Ber.
407 2418 532 2478 exceptis
551 2416 622 2467 Ven.
641 2415 708 2466 1471
726 2420 755 2466 et
772 2417 827 2469 inc.
847 2431 903 2468 sec.
923 2418 1026 2472 iliberi.
1045 2430 1107 2468 esse
1125 2417 1195 2468 bor.
1209 2421 1302 2471 Brent-

247 2490 344 2544 lienb.
362 2500 464 2541 eorem
482 2489 563 2537 Vret.
581 2484 612 2536 (i.
630 2484 673 2533 Cf.
692 2497 719 2536 c.
736 2485 771 2537 87
789 2486 814 2547 §.
832 2492 864 2538 3:
879 2487 1006 2550 repulsis
1022 2484 1151 2538 testibus
1168 2501 1220 2554 eo,
1246 2503 1301 2555 quo

247 2557 401 2609 Labienum
429 2556 567 2620 miseret,
598 2555 757 2607 contendit.
793 2569 846 2618 quo
872 2560 931 2608 loeo
952 2569 1013 2605 eum
1032 2568 1126 2607 omues
1141 2557 1207 2608 iibri
1225 2559 1253 2608 iu
1270 2575 1302 2613 eo

247 2627 429 2691 consentient,
447 2625 528 2675 etiem
546 2627 598 2675 hoc
615 2635 633 2673 a
650 2623 809 2674 unctioribus
825 2628 942 2677 oblatum
956 2636 1003 2685 pro
1018 2629 1134 2688 genuino
1150 2629 1301 2683 babendo·

246 2696 364 2760 vitetur,
383 2707 542 2760 quemquem
561 2691 646 2742 omitti
666 2706 683 2742 e
700 2692 835 2752 scriptore
851 2697 974 2761 potuisse
991 2695 1191 2762 Oudendorpio,
1208 2699 1301 2751 Dreb-

246 2765 302 2828 uio,
324 2764 493 2827 ltiberlingio
511 2763 709 2813 concedendum
729 2766 780 2813 est.

281 2835 309 2898 s.
328 2840 345 2886 ³
364 2833 423 2901 illi]
440 2833 501 2883 tlltc
520 2832 616 2900 „biset
634 2830 674 2881 4⁴⁶
691 2833 775 2882 Voss.
786 2834 819 2881 A.
839 2833 914 2897 Egm.
927 2834 984 2886 Pet.
998 2832 1155 2889 coubi’or.
1169 2838 1204 2889 A.
1218 2837 1298 2891 vret.

245 2906 281 2956 A.
298 2907 368 2970 quod
385 2904 516 2967 quomodo
533 2904 622 2953 ortum
641 2900 693 2968 sil,
711 2909 835 2966 appareo.

208 3072 305 3127 ellium
331 3071 425 3123 setius
450 3084 514 3124 cose
541 3067 595 3120 eibi
718 3083 733 3123 e
775 3073 837 3137 est,
854 3071 903 3122 sei
921 3069 1011 3133 qualis
1028 3077 1125 3125 borum
1144 3072 1312 3140 proeliandi

206 3155 299 3210 repeto
322 3141 446 3192 subsidio
468 3142 531 3205 ire,
563 3154 619 3202 erle
684 3155 733 3193 em
775 3143 943 3192 consuetudo
968 3142 1070 3208 feerit,
1102 3158 1163 3197 curn
1192 3146 1299 3201 Caesel·

207 3215 272 3264 illos
299 3213 455 3263 adiutores
481 3206 732 3275 proficisceretur,
774 3210 844 3263 nibil
863 3211 977 3275 doceat,
995 3215 1142 3264 nescimus.
1178 3254 1182 3265 ,

206 3282 269 3351 lpse
282 3295 334 3332 eoo
347 3293 436 3345 rcpoo
452 3280 590 3342 eupoleos
602 3278 732 3345 forsitan
827 3280 1026 3342 arbitraretur]
1046 3276 1297 3336 llicconiu‘nctivus

206 3354 335 3415 tetreque
351 3361 386 3400 re
405 3350 613 3414 repelleretur.
668 3384 672 3393 .
772 3351 880 3412 pariter
910 3353 995 3412 etque
1018 3357 1203 3405 consuessent
1229 3353 1298 3405 nibil

257 3419 325 3484 (lep.
335 3420 377 3470 18.
394 3420 419 3480 S.
430 3422 445 3469 1
458 3419 596 3479 movisse]
615 3414 730 3468 etsie.
772 3419 827 3468 nisi
842 3420 1014 3482 captivorum
1030 3423 1181 3473 orationem
1189 3424 1298 3475 reterre

206 3492 242 3544 ed
259 3490 289 3554 4,
306 3493 323 3540 9
345 3486 369 3555 b.
388 3489 413 3538 i.
772 3489 893 3552 videtur,
914 3491 960 3553 qui
975 3492 1021 3540 vei
1036 3492 1165 3554 opinione
1180 3504 1233 3545 sua
1246 3495 1296 3545 du·

258 3553 462 3623 expeditisque]
478 3557 536 3607 Hos
551 3552 732 3620 eiusdemg'e-
772 3557 812 3609 cti
829 3559 876 3609 vei
892 3572 924 3609 re
940 3563 974 3611 ab
991 3561 1052 3623 ipso
1067 3562 1297 3631 Vercingetorige

204 3629 283 3678 ueris
308 3630 398 3679 tuisse
416 3630 497 3691 atque
515 3626 580 3675 illos
598 3626 627 3674 iu
646 3638 729 3676 exer·
772 3629 1023 3681 demonstretahoc
1032 3632 1169 3682 dixerint:
1185 3647 1219 3684 eo
1225 3646 1296 3697 pro-

127 3706 130 3711 ·
206 3697 263 3746 citu
283 3698 437 3762 Ariovisti,
470 3695 671 3758 deperibunt,
693 3691 730 3745 te
772 3698 868 3765 fectus
893 3704 953 3763 est,
988 3713 1043 3765 quo
1061 3714 1113 3751 eoo
1130 3703 1297 3766 polemius

204 3766 307 3817 (lictum
323 3770 375 3833 est,
392 3770 487 3816 Morus
501 3766 606 3828 eliiqoe
621 3766 729 3829 putent,
771 3771 912 3820 venturos
927 3769 1105 3824 arbitretur.

205 3837 464 3886 salmasiuseuten
478 3835 518 3884 Ile
533 3848 564 3884 re
579 3835 727 3884 mibllom.
822 3838 849 3899 s.
867 3843 884 3894 3
904 3841 1049 3898 celeriter]
1075 3842 1136 3893 Hoc
1153 3843 1191 3893 ed
1210 3845 1297 3895 verbe

204 3919 232 3970 p.
250 3908 301 3956 196
322 3906 425 3968 (Lugd-
438 3907 498 3953 Bet.
514 3903 591 3954 1057.
611 3902 654 3964 4.)
668 3918 728 3956 cum
770 3905 849 3958 fluite
863 3910 960 3973 inagis,
975 3921 1056 3970 quam
1071 3914 1107 3961 ari
1119 3913 1297 3976 participium

205 3975 343 4036 expeditis
359 3974 508 4036 Caesaris,
529 3973 601 4034 quod
614 3975 728 4025 aerest·
769 3979 892 4039 pertinet
914 3992 1004 4040 neque
1026 3985 1163 4034 commate
1194 3987 1231 4036 ab
1253 3982 1297 4036 illi

203 4059 313 4113 poenos
330 4044 453 4107 appellet
470 4040 531 4093 Cir.
551 4045 584 4105 3,
611 4042 647 4094 75
667 4043 728 4104 §.5
770 4050 879 4112 seiungi
894 4048 981 4098 debet.

203 4119 234 4166 et
245 4112 291 4180 el,
307 4117 334 4181 ³,
352 4115 503 4175 comperet.
537 4112 590 4160 His
603 4114 728 4163 omuibus
822 4119 942 4186 artiores
962 4119 1067 4181 silvas]
1085 4121 1144 4170 Eas
1162 4122 1314 4175 Davisius·
1340 4106 1346 4123 ’

205 4184 310 4250 aliquid
333 4195 482 4241 commuue,
496 4180 587 4235 tuisse
611 4196 728 4247 neeesse
770 4185 812 4239 ila
829 4188 919 4242 dictes
937 4186 1079 4257 opinetur,
1096 4192 1171 4255 quod
1188 4196 1297 4251 crebre
