2700 4726
375 305 478 377 tin.
501 305 583 378 vll.
627 303 744 381 ccl.
766 307 813 378 73
1072 307 1140 378 5⁷⁵

57 493 98 561 Id
121 514 159 557 ex
182 491 405 560 similitudino
424 496 520 562 floris
540 498 650 563 lilium
674 496 902 585 appellabant.
946 495 1041 562 Ante
1056 495 1138 561 boec
1162 503 1183 565 9

58 583 170 648 tolete
195 584 312 668 pedem
335 585 455 667 longae
487 586 606 650 ferreis
635 587 744 650 hamis
767 585 877 650 infixis
901 589 992 653 totae
1014 583 1049 648 in
1072 594 1141 647 ter-

57 685 131 736 ram
169 666 418 737 infodiebantur
454 671 747 758 mediocribusque
780 670 983 737 intermissis
1019 671 1143 757 spatiis

57 756 213 824 omnibus
234 757 319 823 locis
342 756 615 840 disserebantur3
638 782 724 847 quos
741 760 898 826 stimulos
915 757 1143 829 nominabant.

90 950 156 1000 ante
173 948 235 997 Alci.
253 944 346 998 iuncti
362 946 443 998 (terr.
460 952 518 1001 cod.
538 952 617 1004 forr.
634 952 705 1003 Lov.
723 951 792 1004 Lbb.
809 949 893 999 Febr.
910 947 994 1000 cont.
1013 949 1094 1012 Bong.
1110 944 1144 1001 n.
1240 997 1244 1009 ,

92 1018 222 1137 ggffll’ar.
239 1018 274 1069 A.
292 1019 365 1070 nott
384 1021 451 1072 Wb.
470 1020 516 1070 Dr.
536 1022 590 1072 Ali.
618 1014 694 1073 Vrci.
714 1021 769 1071 llll.
789 1021 869 1074 Goth.
886 1020 917 1069 B.
942 1018 1039 1069 llamb.
1062 1017 1144 1068 Vind.

129 1173 156 1232 s.
175 1173 193 1219 9
211 1170 315 1231 teleos]
340 1171 429 1225 tollae
448 1207 466 1238 „
475 1173 550 1225 MSS.
568 1170 658 1236 quior.
666 1166 687 1202 “
706 1175 791 1224 Voss.
809 1174 843 1225 Δ.
860 1174 931 1226 lior.
951 1173 999 1223 Iir.
1015 1172 1046 1222 li.
1065 1168 1145 1220 (ioth.
1200 1170 1205 1189 ¹

92 1241 124 1289 B.
143 1239 225 1288 vino.
245 1241 279 1288 A.
300 1249 327 1291 ct
344 1253 362 1292 c
378 1255 413 1292 m.
427 1255 468 1305 pr.
487 1242 569 1292 Vret.
582 1242 612 1292 ll.
635 1242 705 1294 tolie
724 1244 805 1306 Bong.
822 1244 855 1293 A.
871 1244 912 1292 Pl.
932 1238 1053 1309 llamb.
1071 1239 1145 1291 Gott.

93 1311 162 1361 er.
183 1307 258 1360 aliae
275 1309 322 1359 Dr.
340 1311 374 1360 A.
393 1314 422 1363 et
440 1312 516 1363 aliae
533 1313 607 1372 Egm.
629 1325 684 1361 sec.
704 1313 772 1362 oud.
792 1321 819 1364 et
837 1313 920 1363 Febr.
938 1321 1098 1375 quamquem
1117 1309 1145 1359 in

93 1379 177 1428 Febr.
202 1390 236 1428 ac
261 1390 296 1428 en
320 1393 340 1428 o
364 1379 393 1430 ln
412 1384 535 1430 extremo
557 1380 610 1445 sit,
635 1381 788 1443 ambiguum
812 1389 864 1437 est.
889 1384 918 1432 et
935 1381 994 1431 aiio
1011 1379 1093 1429 Vrot.
1110 1372 1147 1429 Α.

94 1447 168 1499 talia
187 1447 283 1496 llemb.
301 1450 330 1497 et
347 1459 365 1498 o
381 1460 419 1500 m.
437 1464 460 1498 s.
477 1449 541 1500 Por.
561 1451 595 1498 Α.
626 1451 688 1500 tola
704 1450 767 1501 Per.
783 1453 818 1501 Δ.
833 1462 851 1501 a
867 1462 902 1500 m.
922 1463 962 1512 pr.
987 1449 1065 1501 telae
1084 1447 1146 1496 Ber.

93 1519 155 1569 tole
174 1517 262 1567 Haeo.
297 1516 339 1566 Gi.
359 1520 420 1568 adn.
440 1517 634 1583 cr.ed5,12
654 1519 679 1578 S.
698 1523 724 1570 3.

127 1583 231 1650 infixis]
249 1586 319 1636 And.
336 1586 386 1637 ox.
406 1587 455 1638 Cu.
473 1589 501 1637 S·
520 1588 590 1637 Har.
609 1589 641 1639 Α.
661 1589 742 1639 Vind.
763 1593 796 1639 Δ.
814 1588 893 1642 Gerr.
910 1586 969 1637 cod·
986 1586 1065 1634 'l'urr-
1083 1583 1146 1632 Ald.

93 1667 152 1717 sqq.
178 1654 288 1716 inclinas
314 1654 413 1718 reliqui
438 1657 506 1711 oud.
531 1656 589 1706 Pet.
617 1658 699 1707 Voss.
724 1659 757 1706 A.
784 1660 859 1722 Egm.
884 1657 960 1707 (loti.
985 1656 1054 1704 [ιον.
1078 1653 1146 1702 Lbb.

92 1724 175 1775 Febr.
193 1725 253 1774 cod.
274 1722 376 1776 literni
394 1728 421 1775 et
439 1738 516 1787 quem
535 1738 613 1775 suum
629 1727 749 1788 appellnt
766 1729 832 1776 Vrs.
848 1727 959 1776 limeno-
977 1723 1063 1774 (ionii.
1081 1721 1148 1773 Per.

45 1800 48 1809 ¹
93 1797 127 1843 Α.
148 1792 234 1841 licen
254 1793 299 1842 Dr.
316 1794 371 1846 AB.
392 1795 468 1846 Vrut.
483 1794 539 1843 AB.
557 1793 636 1842 (ioth.
650 1796 679 1842 li.
699 1795 753 1844 (iu.
772 1797 853 1846 Vind.
872 1791 1148 1853 D1,liom.e.Med.

93 1874 119 1912 c.
148 1861 219 1912 ven.
240 1862 273 1910 bc
292 1859 491 1925 (itascilicet)
508 1863 529 1912 f.
555 1863 615 1912 Ber.
637 1861 754 1928 iniisset
773 1864 871 1915 liamb.
895 1861 985 1928 infime
1008 1862 1095 1926 Bong.
1113 1861 1147 1910 A.
1217 1916 1219 1922 ,
1290 1896 1295 1905 .

93 1931 137 1980 Pl.
157 1930 231 1981 nott.
251 1931 318 1982 Wb.
337 1930 420 1983 Vind.
440 1928 519 1981 cnr.
537 1930 609 1982 Ven.
627 1934 668 1982 de.
885 1932 888 1937 '

129 2015 268 2074 stimulos]
286 2015 402 2066 tinnulos
418 2017 505 2080 Bong.
518 2017 553 2066 A.
578 2019 705 2085 famulos
722 2019 790 2070 Lov.
803 2019 900 2069 ditent.
919 2019 1014 2069 liemb.
1035 2014 1149 2068 Stimu-

92 2088 138 2137 los
164 2088 320 2146 approbans
343 2085 455 2146 Lipsius
473 2086 591 2138 Poliorc.
618 2103 644 2150 p·
663 2090 700 2139 73
724 2089 816 2153 „qnid
835 2083 950 2138 tamen“
975 2086 1060 2149 lnquit
1083 2085 1149 2150 „ito

93 2150 177 2216 longd
196 2153 253 2202 ubit
270 2162 298 2203 et
316 2153 429 2205 divertit
446 2155 562 2217 optimus
579 2156 716 2207 Torrentii
735 2161 837 2220 codex,
857 2157 901 2218 qui
919 2147 1074 2206 Famulus?
1103 2155 1149 2205 An

94 2217 256 2276 Fornulos?
281 2235 342 2273 nam
366 2223 453 2273 bernis
474 2223 572 2277 {noxas
597 2226 675 2280 dixit.
710 2219 943 2277 scrumosus?
967 2224 1036 2285 quod
1060 2235 1148 2286 geniis

94 2294 196 2344 violae
214 2291 322 2341 herinis
347 2296 406 2356 cst,
430 2295 460 2342 ut
484 2305 538 2343 non
561 2295 692 2346 abeamus
715 2296 751 2343 ab
776 2298 862 2345 bono.
905 2298 950 2345 An
968 2305 1055 2355 noges
1074 2283 1149 2354 egoi

94 2357 158 2412 oiim
179 2357 283 2412 Caesen
306 2360 366 2423 ipsc
389 2373 468 2425 mox,
494 2358 557 2415 oiim
585 2365 742 2413 suscitasse
762 2365 868 2415 (itllos.
884 2361 985 2414 cestris
1004 2360 1086 2424 iacit,
1109 2360 1151 2411 ite

96 2430 217 2480 scribat:
237 2429 312 2480 Galli
332 2431 400 2480 duro
418 2425 532 2493 ionpiris
549 2431 584 2483 ab
601 2431 760 2485 munitione
776 2433 915 2498 aberam,
931 2431 998 2497 pius
1016 2429 1151 2481 multiiu-

96 2501 162 2551 dioe
188 2501 312 2553 telorum
340 2499 536 2563 proficiebant.
572 2496 763 2566 posteaqudm
790 2495 912 2567 procliis
938 2500 1151 2564 successerant,

95 2571 149 2620 out
166 2580 196 2619 se
214 2568 268 2630 ipsi
290 2567 422 2618 Stimulis
439 2570 623 2633 inopinantes
642 2569 816 2631 induciaris
839 2574 891 2623 aut
909 2569 942 2622 in
959 2570 1081 2621 scrobes
1099 2569 1152 2620 de·
1291 2630 1294 2635 ¹

97 2637 171 2699 tapsi
188 2637 472 2703 transfodiebantur.
509 2640 617 2690 stimuli
632 2652 697 2690 ecce
715 2649 890 2705 repetuntur,
912 2652 963 2690 nec
982 2641 1097 2692 vacillet
1114 2639 1152 2688 ibi
1261 2652 1264 2657 ·
1282 2636 1285 2641 '

96 2702 205 2758 interf*
240 2707 290 2767 Qui
309 2705 335 2754 si
357 2706 450 2757 tomis
472 2705 581 2771 intimae
602 2708 630 2759 in
654 2716 752 2760 terrem
775 2712 865 2762 teleos
883 2709 1048 2759 intellexerit
1065 2720 1153 2771 eoque

96 2784 186 2826 mente
210 2773 237 2823 io
261 2775 355 2824 verbis
373 2775 503 2824 caesoris
529 2790 554 2837 p.
571 2779 606 2826 62
629 2777 776 2839 propositis
800 2791 853 2830 non
871 2791 933 2828 com
951 2780 1022 2829 Aldo
1041 2775 1153 2842 inficis,

98 2845 146 2894 sed
164 2856 225 2893 cnm
243 2843 378 2906 prioribus
394 2842 502 2909 infictae
521 2845 647 2910 scripsit,
667 2859 720 2897 non
739 2856 793 2898 tom
806 2848 836 2898 in
853 2849 1039 2898 stimulorum
1057 2845 1153 2909 eppei-

98 2912 218 2979 latione,
244 2925 325 2977 qoam
343 2913 370 2963 in
389 2924 422 2961 eo
444 2910 557 2963 beerere'
577 2915 708 2980 debebat,
732 2917 796 2978 qnid
821 2917 929 2966 omnino
954 2917 1075 2966 nostibus
1100 2925 1153 2965 no-

98 2995 163 3033 cere
184 2985 235 3037 lnce
258 2983 350 3033 talete
373 2990 503 3045 possent,
532 2992 601 3043 quae
625 2986 700 3034 totos
722 2987 815 3036 essent
839 2984 869 3034 in
892 2992 995 3036 terrem
1014 2986 1153 3034 defossae.

98 3053 164 3118 Sin,
187 3051 215 3100 ld
237 3052 306 3114 quod
325 3051 412 3113 magis
435 3049 584 3101 verisimile
602 3055 664 3116 est,
688 3053 780 3104 tonsis
803 3051 912 3117 intimos
938 3066 987 3104 ees
1009 3052 1153 3117 intellexit,

99 3133 170 3184 quoe
193 3120 279 3170 hamis
302 3120 394 3170 lntixis
417 3119 570 3170 instructoe
594 3125 706 3186 essent,
739 3124 774 3173 cb
799 3122 909 3185 linguat
932 3137 985 3174 usu
1003 3120 1153 3189 aberravit,

98 3191 220 3239 ceterum
244 3189 307 3254 quid
333 3188 420 3241 lamis
443 3201 584 3241 commune
610 3194 686 3241 esset
710 3204 771 3243 eum
800 3192 940 3251 stimulis,
968 3193 1155 3243 demonstrare

65 3357 140 3424 gulis
161 3371 227 3412 vero
252 3370 302 3423 pro
325 3359 444 3421 ipsorum
470 3357 591 3427 longitu-
634 3361 712 3423 bont]
730 3361 776 3414 Sic
789 3361 873 3412 totius
888 3359 972 3424 spatii
984 3361 1071 3428 illius,
1086 3362 1157 3426 quod

67 3430 130 3478 dinc
160 3440 213 3478 non
242 3429 365 3481 omnibns
394 3427 466 3479 locis
495 3431 590 3478 eedem
633 3430 693 3482 iilic
722 3439 856 3494 tamquam
885 3432 1021 3496 cingulum
1048 3432 1156 3485 obtine-

66 3498 197 3548 diverscs
222 3500 291 3549 eret.
332 3500 400 3548 Nam
423 3496 591 3549 distributivi
633 3500 715 3565 bant,
738 3501 905 3553 latitudinem
924 3505 952 3551 et
970 3502 1049 3552 simul
1068 3515 1157 3565 qnan-

10 3560 18 3573 “
65 3570 93 3618 b.
113 3569 131 3620 l.
156 3565 323 3629 significatio
341 3566 397 3616 olio
415 3578 478 3617 esse
498 3568 592 3631 nequit
634 3577 691 3619 tum
709 3570 778 3620 inter
795 3570 919 3634 singulos
938 3573 1052 3623 scrobes
1069 3573 1156 3622 inter-

66 3640 149 3697 aique
166 3648 217 3698 ea,
241 3649 294 3698 qua
317 3632 382 3696 §.l
409 3636 517 3719 quinos·
529 3637 591 3698 cip·
634 3641 760 3704 cederet,
777 3641 914 3693 docemur.

66 3704 590 3837 titinius..ninneton
634 3809 668 3859 ..
685 3736 712 3860 g·
730 3740 1014 3871 ppprmuo
1032 3740 1074 3796 cf·

66 3843 235 3895 octonarium
249 3846 383 3906 ciperem
398 3842 496 3906 potius,
509 3854 590 3906 quam
711 3844 720 3877 ²
813 3841 820 3860 ⁸
860 3843 866 3856 '

66 3913 244 3964 novenarium
257 3914 375 3963 aliumve
388 3912 516 3974 imperem
527 3923 591 3972 pro·
685 3911 808 3962 omnibus
822 3910 907 3971 locis]
926 3913 984 3965 lico
1000 3911 1087 3979 igitur
1103 3913 1156 3967 sti·

65 3981 150 4031 ditum
168 3992 232 4031 esse
249 3994 303 4032 con
321 3983 473 4046 mirabere,
489 3981 513 4030 si
529 3994 590 4031 eum
633 3980 700 4030 muli
717 3980 879 4031 differebant
895 3994 913 4031 c
925 3981 993 4032 liliis
1010 3991 1038 4033 et
1056 3983 1155 4046 cippis,

65 4051 214 4101 secondum
240 4059 332 4104 rectos
362 4052 471 4104 ordines
495 4049 591 4101 initum
634 4048 680 4112 qui
699 4060 753 4099 non
777 4061 869 4100 omnes
890 4050 968 4112 primi
989 4061 1018 4102 et
1043 4051 1156 4102 secundi

65 4120 246 4186 reputaveris.
634 4117 736 4180 cinguli
750 4119 825 4169 locos
837 4125 985 4186 partesque
997 4121 1161 4179 muniebant

116 4190 211 4243 ternos
237 4188 310 4242 inter
334 4200 366 4241 se
392 4187 478 4252 pedes
501 4185 591 4240 ‹lisle-
633 4193 663 4238 et
679 4185 871 4255 impediebant.
