2700 4726
226 289 295 361 us
485 286 562 356 nn
587 284 771 386 annu-o
804 283 1057 356 uauurco

229 476 413 559 contineri3
447 499 515 567 qua
543 473 702 544 traducta
726 474 837 543 losum
861 473 1071 557 consistendi
1092 473 1259 545 Romanis
1278 476 1319 547 iu

185 564 343 634 suarna
371 586 437 645 uon
464 567 549 633 fore.
602 562 689 630 Esse
715 564 876 629 nonnullo
904 583 942 628 se
965 559 1126 630 caesaris
1151 563 1317 633 beneficio

227 653 400 732 allectum,
428 653 477 719 sio
501 661 630 730 tamen,
660 657 699 716 ut
720 650 943 716 iustissimam
966 649 1057 737 apud
1076 672 1152 716 eum
1176 672 1315 731 oausam

183 735 431 823 bobtinusrit3
468 738 528 807 sed
559 742 637 826 plus
667 739 833 804 communi
854 737 1010 805 libertati
1034 737 1201 809 tribuero.
1243 738 1318 811 cur

226 823 1207 1001 :dubitabililattilttttttallttl
1221 824 1318 985 iiii

637 960 648 993 ‚
1299 952 1317 971 .

183 1009 205 1073 6
228 1000 309 1073 euti
358 1003 528 1074 celeriter
558 1001 829 1087 adulescentibus
858 1007 893 1066 et
916 1001 1068 1067 oratione
1093 1002 1316 1088 magistratus

225 1103 263 1161 at
285 1093 434 1184 praemio
457 1087 631 1170 deductis,
657 1110 731 1153 cum
755 1109 792 1153 se
815 1088 869 1152 vel
915 1086 1062 1175 rinuipes
1077 1086 1157 1156 'sius
1179 1092 1317 1159 consilii

224 1182 298 1250 iore
321 1180 577 1268 profiterentur,
611 1177 700 1242 ratio
724 1109 918 1262 perlinieusii
940 1175 1187 1262 quaerebatur,
1221 1178 1317 1267 quod

224 1271 395 1337 civitatem
426 1277 552 1332 temere
582 1262 626 1329 ad
648 1261 897 1351 suscipiendum
916 1261 1043 1329 bellum
1066 1263 1191 1330 adduci
1212 1287 1317 1357 posse

148 1393 152 1399 ·
182 1359 205 1422 7
225 1379 293 1424 non
315 1352 538 1423 confidebant.
582 1347 728 1430 Placuit,
748 1350 800 1419 uti
822 1350 997 1415 Litavicus
1021 1349 1134 1417 decem
1158 1352 1233 1419 illis
1252 1356 1316 1423 mi-

222 1445 328 1522 libus,
348 1439 588 1530 quaeCaesari
610 1436 652 1515 ad
672 1439 798 1509 bellurn
821 1439 1048 1518 mitterentur,
1070 1439 1316 1527 praeficeretur

224 1541 327 1619 atque
349 1554 388 1598 ea
412 1526 564 1595 ducenda
585 1532 731 1606 curaret,
753 1525 946 1610 fratresque
967 1527 1040 1591 eius
1064 1526 1106 1592 ad
1128 1525 1334 1608 Gaesarem

144 1628 147 1633 '
223 1623 491 1709 praecurrerent.
536 1613 681 1699 Reliqua
701 1634 767 1700 qua
788 1612 919 1678 ratione
939 1612 994 1698 agi
1016 1614 1162 1701 placeat,
1184 1618 1314 1685 comti-

224 1714 336 1778 tuunt.
402 1705 459 1773 38.
480 1700 655 1767 Litavicus
678 1722 753 1766 acce
779 1708 814 1767 to
834 1700 994 1779 exercitu,
1015 1723 1092 1767 oum
1112 1703 1207 1769 milia
1233 1727 1314 1794 pas·

199 1802 322 1862 'suum
351 1793 487 1858 circiter
513 1788 633 1855 XXX.
664 1785 705 1850 ab
768 1789 903 1874 argovia
926 1786 1080 1869 abesset,
1115 1796 1313 1860 convocatis

223 1882 338 1951 subito
365 1878 532 1945 militibus
563 1874 745 1940 lacrimans
778 1873 855 1961 Quo
882 1874 1151 1961 proficiscimur,
1187 1878 1313 1968 inquit,

180 1961 377 2037 2militss?
429 1965 551 2031 Omnis
580 1975 696 2028 nostor
718 1965 909 2048 equitatus,
945 1965 1053 2030 omnis
1076 1965 1237 2033 nobilitas
1261 1969 1312 2034 in-

221 2058 337 2126 teriit:
373 2053 545 2144 principes
568 2050 738 2130 civitatis,
768 2047 978 2138 Eporedorix
999 2061 1035 2118 et
1058 2049 1312 2140 Viridomarus,

290 2205 318 2268 8.
335 2209 353 2256 ὃ
371 2201 605 2260 adulescentibus]
623 2198 712 2263 iidem,
729 2199 775 2262 qui
791 2197 818 2260 8.
837 2203 852 2250 1
872 2167 964 2263 (adsit.
981 2203 1064 2268 Bong-
1082 2205 1117 2257 Δ.
1135 2199 1197 2272 1²1.)

289 2292 317 2353 8.
335 2293 354 2343 7
373 2285 426 2354 uti]
445 2288 496 2338 01.
514 2287 611 2346 (Bone.
626 2289 659 2335 A.
679 2282 742 2335 Par.
762 2282 795 2334 Α.
813 2285 884 2336 flav.
897 2288 970 2347 Ab.)
989 2283 1069 2339 Vind.
1085 2293 1120 2342 A.
1154 2290 1309 2344 ll'tllamb.

256 2365 290 2414 ut
309 2361 355 2410 Dr.
374 2360 430 2410 AB.
448 2358 527 2408 Vrat
547 2353 624 2404 nbc.
642 2355 721 2405 Goth.
742 2354 772 2405 B.
791 2354 873 2406 Vind.
890 2357 942 2407 Bc.
965 2357 1025 2407 edd.
1045 2368 1109 2409 ante
1126 2359 1197 2411 oud.

292 2425 361 2490 Cap.
374 2428 418 2478 ³8.
436 2425 464 2487 8.
479 2424 620 2484 LXXX]
638 2421 696 2474 XL
713 2421 763 2472 On.
779 2423 853 2473 [reid.
872 2423 906 2474 A.
927 2427 999 2479 Eav.
1015 2431 1049 2478 A.
1066 2427 1150 2479 Vind.
1163 2431 1199 2483 A.
1217 2430 1315 2482 XXV

253 2498 337 2551 Vind.
356 2497 387 2545 Β.
405 2494 548 2560 (triptota
565 2493 643 2543 Vrat.
662 2493 696 2541 A.
715 2491 810 2541 flamb.
826 2491 909 2542 Viud.
927 2495 1000 2553 DF.)

289 2565 317 2628 8.
335 2569 352 2616 2
375 2563 559 2629 Eporedorix]
584 2560 768 2623 Eporidoriu
786 2563 814 2614 s,
833 2560 1027 2626 Eporedorso
1043 2563 1126 2614 vind.
1143 2563 1176 2620 c.
1192 2566 1309 2629 linore-

253 2636 336 2690 dirin
355 2634 399 2686 trio
417 2638 446 2684 et
462 2633 491 2683 ln
509 2643 568 2696 sqq.
585 2630 695 2694 scripsit
708 2628 854 2682 oberliuus
873 2635 1023 2684 seeundum
1035 2632 1170 2686 Msstinum
1187 2638 1217 2687 et
1236 2638 1309 2701 lapi-

218 2805 287 2844 usus
303 2790 364 2851 est;
382 2786 429 2850 qul
447 2799 508 2837 cum
526 2799 622 2838 omnes
640 2784 742 2850 vulga·
783 2785 966 2848 plectendum.
1000 2786 1048 2837 Sia
1065 2790 1092 2854 2,
1111 2788 1148 2841 10
1165 2789 1193 2853 8.
1210 2789 1245 2844 5:
1268 2793 1310 2844 od

217 2874 278 2914 rem
291 2857 523 2924 significationem
535 2856 691 2915 exhibeant,
706 2866 742 2903 ue
783 2867 847 2906 eom
878 2857 1053 2909 sententious
1088 2869 1154 2911 esem
1186 2863 1315 2928 reliquis

217 2932 263 2984 bio
281 2930 389 2994 quidem
407 2927 490 2976 aliter
506 2924 743 2987 interpretandum
783 2926 880 2976 causis
908 2926 978 2977 base
1009 2922 1119 2993 quoque*
1145 2930 1228 2982 ratio
1258 2944 1309 2983 eos

217 3013 306 3063 neque
324 2998 358 3048 de
376 2996 514 3060 promisso
531 2995 638 3059 potius,
660 3004 742 3057 quam
783 2994 924 3060 detinuit,
961 2997 1038 3062 qood
1050 3003 1308 3067 -copuooerant

217 3072 281 3123 dato
295 3069 418 3132 praemio
432 3066 607 3130 cogitandum
620 3061 740 3113 videtur.
782 3063 880 3116 Alite
903 3066 1028 3128 partious
1052 3067 1240 3120 Romanorum
1269 3071 1308 3120 ad

271 3137 298 3199 8.
319 3134 338 3186 4
362 3137 404 3188 sio
420 3136 524 3196 temen]
556 3134 596 3186 Cf.
616 3134 680 3183 adu.
699 3145 739 3188 er.
782 3135 956 3198 contrarias,
988 3135 1037 3185 'vel
1060 3141 1174 3191 aresta
1190 3139 1221 3191 in
1238 3151 1306 3201 pra·

215 3209 252 3261 ed
269 3208 296 3273 5,
315 3206 347 3258 15
366 3204 437 3266 8.1.
783 3215 847 3254 vam
869 3203 1034 3255 sententiam
1058 3206 1191 3258 deductos
1213 3208 1307 3259 inter·

214 3276 221 3285 '
267 3280 330 3341 plus
353 3273 489 3326 communi
506 3269 632 3322 libertati
648 3269 738 3320 tribu·
780 3277 935 3341 pretantur,
949 3274 1101 3326 cuiusmodi
1114 3277 1215 3329 nihile
1229 3278 1306 3330 sori-

215 3350 277 3408 ere]
297 3356 377 3408 quem
394 3342 601 3395 illiaGessare
615 3353 666 3390 seu
679 3352 738 3389 me·
780 3345 859 3405 ptore
891 3343 1077 3407 significatum
1107 3348 1161 3397 est,
1196 3346 1304 3411 ,Neque

214 3419 271 3469 rito
292 3429 344 3467 seu
362 3413 498 3463 immerito
518 3413 633 3472 accepto
653 3412 738 3460 oene-
780 3414 907 3478 apparet
925 3426 974 3463 eur
990 3413 1059 3464 oud.
1078 3414 1182 3467 deduci
1201 3430 1302 3469 neces

213 3485 298 3553 boio,
315 3485 416 3548 quippe
433 3495 487 3545 quo
525 3481 576 3530 ihil
593 3480 647 3529 sibi
668 3492 738 3540 opus
780 3481 892 3531 ritatem
908 3483 997 3547 magis
1015 3486 1124 3551 notare,
1141 3497 1303 3549 quampot-

213 3569 280 3608 esse
303 3553 437 3606 debuerit.
472 3495 532 3602 {lib
557 3550 739 3611 supplendum
779 3551 937 3603 suasionem
948 3553 1095 3618 monuerit,
1111 3559 1160 3605 aut
1173 3557 1304 3619 quomodo

214 3630 261 3678 est
283 3628 395 3688 propter
420 3620 567 3683 sequentis
583 3619 643 3670 cor
662 3620 738 3671 enirn
779 3619 808 3672 ld
826 3634 861 3671 ox
878 3624 912 3685 6,
932 3624 966 3673 10
984 3619 1026 3689 (8.
1043 3626 1076 3684 2)
1095 3625 1166 3689 cotie
1186 3627 1248 3677 erit.

213 3694 470 3758 „veniantpquee
482 3691 632 3742 caesarem
647 3688 740 3738 disoe-
832 3693 878 3740 vel
894 3691 1029 3771 prinqipes
1037 3692 1096 3742 sius
1109 3638 1217 3757 wasleri
1228 3695 1302 3756 iore]

213 3766 353 3829 ptatorem
365 3764 442 3815 illius
454 3758 664 3815 coutroversiae
674 3770 738 3808 esse
781 3758 806 3809 si
822 3761 892 3810 forte
907 3759 1147 3829 Convictolitavis,
1163 3762 1211 3827 qui
1222 3765 1304 3828 prin-

214 3833 345 3885 dsbuisse
367 3835 478 3899 negant.
512 3832 553 3882 ne
573 3831 659 3878 verbo
679 3827 738 3878 tri·
779 3842 846 3893 oeps
864 3832 1002 3881 structor
1018 3833 1089 3899 erat,
1107 3834 1304 3886 auctoritatem

214 3904 302 3957 baare
316 3900 374 3952 dixi
384 3902 414 3952 iu
427 3904 490 3953 adu.
504 3914 544 3952 or.
559 3900 594 3950 ed
608 3897 634 3963 5,
647 3898 735 3959 781.
778 3901 930 3963 defugeret.
954 3898 997 3950 cf.
1011 3901 1075 3951 adu.
1088 3902 1125 3952 ad
1140 3904 1169 3967 2,
1185 3901 1259 3969 148.
1272 3901 1303 3961 4.

265 3971 293 4033 8.
308 3974 326 4020 6
340 3968 478 4037 deductis]
492 3984 531 4021 so.
543 3982 586 4033 eo,
601 3980 654 4031 quo
668 3978 736 4019 ora·
827 3968 853 4031 8.
870 3971 890 4022 7
917 3970 1036 4033 Reliqua
1053 3983 1109 4034 qua
1125 3973 1237 4027 ratione
1253 3974 1304 4040 agi

213 4040 254 4095 uo
272 4042 454 4106 magistratus
469 4042 498 4090 et
515 4040 666 4102 praemium
683 4039 736 4087 du·
777 4039 897 4103 placeat,
914 4041 1110 4102 constituunt]
1138 4044 1183 4094 Ad
1199 4046 1304 4097 verbu·

213 4113 328 4174 cebant,
352 4113 415 4177 vel,
434 4111 459 4162 si
478 4108 625 4173 sequentia
642 4107 735 4169 potius
777 4121 838 4160 rum
860 4109 1074 4162 roborationem
1090 4113 1128 4163 cf.
1145 4126 1172 4164 u.
1189 4111 1209 4164 4
1223 4113 1252 4177 8.
1267 4113 1289 4167 7
1292 4129 1302 4166 :

212 4183 386 4247 spectemus,
413 4179 495 4261 adid
512 4178 657 4230 consiliam
675 4188 735 4228 am-
777 4190 929 4233 orreorum
950 4182 1092 4247 qemun
1111 4194 1243 4253 quaeq..
1257 4184 1303 4238 et.
