2700 4726
189 327 259 396 502
452 319 525 389 DE
554 319 733 388 BELLO
765 318 1016 390 Gannico

147 517 169 580 8
190 511 352 579 frumeuti
366 508 456 597 quod
472 510 586 576 subito
602 517 798 598 potuerunt,
819 510 960 576 navibus
979 517 1172 590 avexerunt,
1193 511 1275 576 reli·

145 606 168 668 9
189 621 292 686 quum
318 599 453 663 flumine
476 610 578 685 atque
599 599 753 663 incendio
774 610 1015 685 corruperunt3
1048 599 1115 684 ipsi
1139 621 1178 663 ex
1201 600 1276 664 fini-

187 688 282 753 timis
303 687 498 771 regionibus
523 687 639 772 copias
664 709 803 770 cogere,
840 687 1010 772 praesidia
1034 684 1276 774 custodiasque

188 773 232 840 ed
254 776 348 858 ripas
372 775 507 857 Ligeris
528 773 707 859 disponere
730 777 987 860 equitatumque
1012 775 1165 839 omnibus
1188 776 1275 840 locis

186 859 361 929 iniiciendi
391 863 524 925 timoris
554 885 656 926 causa
685 871 856 926 ostentare
882 871 1083 949 coeperunt,
1117 862 1146 926 si
1170 863 1213 926 ab
1236 885 1275 927 re

145 949 407 1021 10lrumentaria
422 948 592 1016 Romanoa
606 949 785 1015 excludere
801 962 952 1038 possent.
996 949 1106 1036 Quam
1121 951 1163 1015 ad
1178 968 1274 1038 spem

220 1152 275 1204 quo
294 1143 322 1191 et
338 1139 358 1190 l.
374 1139 409 1192 ll.
431 1153 455 1190 e.
472 1142 516 1193 30.
535 1140 658 1190 conferri
677 1141 768 1207 iulet,
802 1143 831 1191 et
846 1140 913 1190 alili
933 1140 1044 1202 quoivis·
1060 1153 1112 1202 pro
1131 1138 1227 1191 euicta
1244 1142 1275 1191 in

218 1212 296 1262 MSS.
315 1223 378 1258 esse
398 1211 473 1259 dicit.
511 1213 601 1271 Atque
619 1211 648 1259 iu
666 1213 727 1260 adri.
748 1212 782 1260 ad
802 1212 890 1261 locum
911 1210 976 1259 libri
988 1212 1118 1274 secundi,
1137 1222 1190 1273 quo
1210 1212 1219 1260 i
1242 1225 1273 1261 so

218 1282 295 1344 quod
320 1280 381 1328 sine
403 1279 504 1330 idonea
524 1281 633 1330 ratione
653 1293 672 1328 a
690 1281 833 1342 scaligero
853 1281 883 1327 in
902 1292 958 1342 quo
976 1284 1113 1328 mutatum
1131 1283 1183 1343 cst,
1204 1226 1275 1330 olid.

216 1352 291 1401 hunc
307 1354 431 1399 nostrum
449 1351 539 1398 citans
557 1350 625 1412 quoi
640 1352 717 1400 esset
737 1349 804 1399 usui
821 1349 946 1412 scripsit,
967 1349 1018 1398 sed
1035 1350 1065 1399 in
1082 1351 1124 1398 ed.
1144 1353 1275 1414 utraque,

216 1422 250 1470 ut
268 1429 319 1480 par
337 1421 408 1481 erat,
428 1420 518 1467 ternrit
536 1421 592 1467 eui.

252 1491 280 1552 s.
299 1489 316 1536 9
334 1487 471 1547 finitimis]
490 1487 628 1550 finitumis
648 1487 716 1534 0nd.
739 1488 764 1534 2.
820 1522 823 1529 .

186 1570 193 1579 ·
253 1557 427 1620 regionibus]
460 1557 626 1607 ciuitatibus
645 1555 724 1603 Leid.
748 1553 781 1602 A.
805 1568 876 1616 qnae
904 1553 1057 1604 temeraria
1081 1557 1126 1604 est
1146 1557 1274 1607 mutatio.

217 1626 367 1678 Finitimee
386 1625 515 1689 regiones
533 1626 617 1674 etiarn
637 1626 782 1673 civitatum
800 1625 977 1673 finitimarum
996 1636 1061 1672 esse
1080 1630 1206 1689 possunt,
1225 1629 1275 1675 sed

217 1697 315 1758 copias
337 1696 382 1745 illi
409 1697 541 1760 cogentes
561 1702 641 1745 extre
658 1693 728 1742 fines
747 1695 923 1744 Haeduorum
941 1694 1051 1758 egressi
1070 1707 1135 1745 esse
1154 1709 1209 1747 nou
1229 1698 1275 1745 vi·
1312 1689 1315 1693 ’

186 1770 192 1781 ’
216 1766 326 1815 dentur.

188 1842 193 1863 ⁸
252 1831 367 1900 eogere]
395 1832 525 1897 copitare
542 1832 625 1881 vind.
645 1831 675 1882 G.
699 1843 841 1894 quaerere
861 1843 966 1896 cepere
985 1831 1066 1882 Gotlt.
1088 1834 1117 1882 ll.
1134 1833 1219 1882 Vind.
1237 1832 1271 1882 Ι).

185 1908 194 1921 ’“
217 1903 278 1953 edd.
297 1906 362 1953 ante
376 1905 446 1953 Veu.
463 1904 481 1952 f.
501 1914 605 1968 carpere
620 1912 763 1967 quaerere
782 1902 843 1950 code
862 1903 943 1949 Trirr.
964 1903 992 1949 et
1011 1915 1154 1966 quaerere
1172 1905 1273 1951 iterum

213 1967 245 2023 in
264 1985 351 2036 marg.
369 1974 446 2022 addit
474 1973 556 2023 Goth.
578 1973 608 2020 ll.
644 1967 770 2031 lneptum
796 1971 1009 2019 additamentum
1034 1973 1154 2020 dubitari
1178 1975 1272 2033 potest

214 2044 306 2091 utrum
332 2043 505 2103 exaequandi
532 2044 679 2092 vernorum
704 2043 732 2089 et
758 2042 897 2088 nominum
921 2040 1027 2087 numeri
1047 2051 1133 2090 causa
1153 2043 1272 2106 illatum,

218 2121 255 2161 an
278 2114 314 2161 ed
335 2112 526 2172 explicandum
545 2113 657 2159 verbum
675 2121 778 2174 cepere
795 2110 964 2170 adscriptum
982 2109 1030 2159 sit.
1313 2109 1315 2112 '

165 2202 190 2230 .·
247 2179 468 2246 equitatumque]
488 2194 513 2230 e.
532 2193 642 2230 omnem
659 2180 756 2228 llarno.
791 2178 851 2227 lloc
870 2179 917 2238 qui
933 2179 1039 2226 addidit
1055 2177 1183 2226 omnibus
1198 2179 1271 2227 loeis

186 2280 189 2285 ·
213 2261 279 2315 nou,
300 2252 468 2311 atterebat,
486 2263 546 2298 eum
560 2249 710 2298 ostentare
725 2249 819 2311 verbo,
835 2248 885 2296 sed
900 2259 962 2296 cum
976 2247 1110 2308 proximis
1123 2247 1274 2301 inliciendi

212 2319 331 2370 itineris
348 2332 436 2369 eausa
454 2320 647 2367 coristruxisse
668 2319 786 2367 videtur.
956 2359 960 2367 .

249 2388 392 2437 inliciendi
414 2386 535 2452 timoris]
553 2386 689 2452 „Locutio
709 2386 919 2447 lenocinata,
938 2387 967 2434 et
981 2395 999 2433 a
1011 2387 1107 2434 nostro
1121 2386 1272 2453 aliquoties
1306 2382 1308 2389 ’

183 2458 188 2468 ’
215 2456 348 2506 adlilrita.
390 2458 553 2505 Manendum
584 2464 674 2504 tanuen
707 2457 736 2504 in
763 2455 924 2503 Dukerinno
958 2455 1071 2503 exarari
1096 2455 1270 2506 inmittendi.

181 2546 187 2557 ·
215 2526 297 2587 quasi
320 2525 376 2572 iem
393 2527 546 2577 inmitteret
564 2525 713 2586 equitatum
731 2525 836 2585 ipsum,
864 2525 911 2572 vel
931 2524 1014 2572 telum
1033 2525 1062 2573 iu
1080 2537 1144 2572 eos:
1171 2527 1271 2586 quibus

213 2593 245 2644 ln
262 2596 345 2642 rebus
363 2594 513 2644 inurittere
532 2594 671 2654 proprium
690 2606 770 2654 esse,
799 2594 891 2642 sciunt
909 2593 997 2654 docti,
1023 2594 1051 2642 et
1069 2593 1135 2642 oliui
1154 2607 1271 2644 monen-

213 2663 277 2712 dum
296 2660 467 2711 lrabuirnus.“
485 2663 619 2714 errittende'
638 2663 722 2711 etiam
742 2665 825 2724 Bong.
846 2666 875 2712 d.
894 2666 922 2710 et
940 2663 1024 2712 Vind.
1041 2663 1070 2711 c.
1091 2665 1200 2726 tranent,
1219 2665 1270 2712 sed

207 2728 269 2783 dion
294 2733 355 2780 sine
381 2732 510 2795 itineris,
539 2734 611 2794 quod
636 2733 787 2790 secuudum
807 2733 995 2792 Oudendorpii
1013 2732 1144 2780 iudicium
1169 2733 1269 2782 deesse

213 2800 374 2852 Dukeriano
393 2802 516 2863 videtur,
535 2803 666 2851 omissum
684 2804 807 2851 fortasse
824 2806 992 2862 propterea.
1013 2803 1085 2862 quod
1105 2814 1159 2851 riou
1178 2810 1270 2864 eppa-

211 2874 299 2932 rcret‚
322 2871 365 2918 cui
384 2872 510 2920 timorem
528 2872 658 2920 iniiceret
675 2871 823 2932 equitatus.
843 2872 924 2934 (taric.
946 2872 1029 2920 Voss.
1045 2875 1076 2920 A.
1093 2871 1171 2933 Egra.
1183 2872 1269 2927 doit.

187 2972 191 2979 ·
212 2939 272 2991 rer.
289 2941 373 3002 Bong.
391 2943 424 2992 A.
445 2941 525 2990 Goth.
545 2943 574 2988 Β.
592 2941 686 2990 llamb.
707 2940 789 2990 Viud.
811 2942 842 2987 Α.
864 2941 928 2987 init.
948 2939 1010 2987 Par.
1029 2941 1062 3005 ll.
1080 2939 1155 2997 Pal.)

246 3007 410 3074 coeperunt]
440 3024 464 3060 e.
483 3014 535 3060 aut
557 3022 591 3060 re
615 3011 685 3060 liav.
704 3015 737 3058 Α.
755 3008 881 3074 „Voluit
897 3010 1020 3057 tortasse
1038 3010 1196 3072 coeperunt
1214 3011 1269 3073 out

212 3078 361 3141 coepere‘⁴
386 3079 455 3128 er.
482 3079 538 3129 uisi
561 3080 653 3141 potius
679 3077 716 3127 ad
739 3080 887 3140 sequentia
903 3082 1032 3142 spectat,
1052 3077 1082 3126 in
1100 3078 1199 3143 quilius
1217 3091 1272 3141 pro

213 3148 249 3200 ab
268 3147 378 3198 realia
397 3150 480 3198 lectio
499 3152 543 3198 est
559 3151 612 3199 aut
630 3161 672 3216 re.
1048 3200 1052 3219 ὅ

248 3216 274 3266 si
292 3219 327 3267 ab
345 3218 391 3275 re]
419 3220 454 3268 ut
471 3218 505 3267 al
525 3231 559 3268 re
583 3218 653 3267 And.
672 3215 723 3266 Ox.
742 3212 791 3265 Cu.
812 3225 907 3278 margo
926 3215 1008 3266 Goth.
1027 3215 1056 3266 ll.
1075 3215 1136 3266 Ald.
1156 3217 1200 3266 ab.
1219 3216 1272 3264 Gr.

173 3320 179 3331 .
212 3297 241 3337 a.
258 3287 288 3336 P.
310 3288 385 3335 Matr.
404 3289 483 3336 Turr.
506 3287 533 3336 si
551 3291 605 3337 aut
623 3298 659 3336 re
676 3287 710 3334 V.
727 3284 757 3334 G.
780 3285 845 3341 Vra.
862 3285 940 3345 Lips.
961 3286 1001 3334 lu.
1020 3286 1069 3335 Gr.
1089 3285 1160 3337 Dav,
1180 3283 1222 3341 Gi.
1242 3285 1271 3333 si

175 3390 179 3401 .
213 3370 234 3407 a
257 3367 291 3406 re
316 3355 399 3405 vind.
420 3357 451 3408 l).
469 3357 554 3411 vase.
574 3359 613 3406 St.
634 3357 682 3405 Gr·
701 3355 726 3404 o.
744 3349 862 3414 (men.)
879 3355 905 3402 ot
924 3365 958 3402 re
979 3356 1014 3402 V.
1035 3353 1066 3404 G.
1085 3354 1164 3407 Dion.
1181 3344 1269 3404 Voss.

212 3423 292 3476 laeid.
311 3425 344 3471 A.
363 3425 434 3473 llav.
456 3427 490 3473 Α.
506 3427 588 3476 Viud.
608 3423 641 3473 Α.
678 3423 720 3474 cl.
738 3424 799 3470 adu.
814 3436 854 3470 cr.
872 3424 907 3471 ad
924 3422 949 3486 5,
970 3425 1003 3472 23
1022 3424 1048 3484 S.
1068 3421 1092 3472 5.

249 3493 412 3556 excludere]
432 3507 483 3545 orn.
504 3495 539 3542 V.
559 3495 589 3545 G.
607 3493 689 3542 Dion.
710 3494 795 3541 Voss.
832 3492 908 3551 Quae
926 3496 989 3554 post
1010 3495 1060 3541 lroc
1079 3493 1107 3542 in
1126 3488 1270 3540 codicibus

214 3563 244 3610 et
264 3564 431 3613 editionibus
458 3565 606 3627 leguntur,
638 3561 692 3612 out
718 3559 820 3625 (utque
845 3561 946 3620 Dorv.)
973 3563 1113 3613 adductos
1132 3557 1271 3625 (aductus

213 3630 311 3684 llamu.
335 3634 454 3682 eductos
472 3634 520 3682 llr.
547 3631 598 3690 Α.)
618 3631 716 3694 inopia
736 3631 867 3693 (irroppio
881 3631 944 3681 Par.
964 3635 998 3681 A.
1016 3632 1047 3680 iu
1065 3631 1163 3692 iuopia
1183 3629 1268 3678 vind.

214 3697 237 3749 l.
257 3701 288 3750 in
304 3701 430 3766 inopium
448 3704 532 3768 long.
552 3699 600 3765 0.)
623 3713 660 3752 ea
681 3699 749 3766 (om.
768 3700 838 3748 And.
860 3701 911 3750 ΟΧ.
930 3700 978 3752 cu.
999 3702 1027 3750 S.
1044 3699 1124 3749 Leid.
1142 3700 1176 3747 A·
1194 3698 1269 3749 flav.

171 3854 206 3917 ς.
227 3850 244 3902 5
267 3853 360 3918 colligi
378 3860 484 3921 potest,
515 3856 562 3905 ubi
579 3856 704 3906 tribunus
797 3855 824 3916 s.
838 3856 855 3904 9
869 3838 990 3918 ipsiius
1003 3851 1168 3916 pronominis
1181 3853 1271 3919 signi-

176 3923 293 3974 militum
316 3924 370 3973 iter
391 3927 426 3976 ad
444 3925 578 3988 legionem
597 3926 703 3975 iaciens
743 3924 870 3974 ficatione
898 3938 926 3974 v.
955 3925 990 3977 ad
1014 3938 1038 3973 c.
1062 3923 1097 3974 43
1123 3922 1149 3984 S.
1176 3924 1193 3974 5
1219 3924 1271 3973 ad-

168 3991 205 4043 -in
224 3992 279 4043 elio
303 3993 475 4061 ljaeduorruu
499 3995 598 4058 oppido
615 3995 703 4044 tuisse
745 3993 858 4053 scripta.

175 4060 302 4113 caditur.
613 4091 615 4095 .
794 4061 995 4111 omnibuslocis
1010 4060 1149 4110 inliciendl
1164 4059 1272 4110 timoris
1321 4063 1323 4066 ’

226 4130 254 4191 S.
274 4130 292 4181 8
316 4129 446 4182 frumeuti
463 4132 546 4194 quod]
579 4130 622 4184 Gi.
640 4133 702 4184 adu.
743 4141 830 4182 cauas
844 4132 996 4191 ostentare]
1016 4129 1150 4179 diriorem
1162 4129 1272 4192 equira-

174 4200 211 4254 sd
228 4203 256 4269 e,
273 4203 308 4253 te
325 4197 352 4260 s.
372 4202 398 4249 2.
454 4264 455 4269 ἵ
743 4207 789 4252 rus
820 4201 873 4252 iste
903 4211 954 4251 neo
978 4197 1132 4264 legionibus
1160 4198 1272 4265 longius
