2700 4726
414 314 519 387 LIB.
540 314 622 387 VII.
667 313 789 387 CAP.
809 319 855 385 4⁷
1110 312 1177 383 ⁴81

87 505 332 585 elimaverunt,
354 504 446 591 qnod
466 505 683 572 non·virtuto
705 503 866 593 consequi
887 505 1044 589 possent,
1066 518 1175 586 neque

87 595 185 680 prius
208 592 305 657 finem
328 592 490 678 sequendi
512 595 681 674 iecerunt,
715 614 814 679 quam
839 611 934 656 muro
957 586 1074 676 oppidi
1094 607 1175 675 por-

86 683 203 767 tisque
231 680 557 767 adpropinquarunt.
608 681 697 747 Tum
730 703 808 747 vero
836 701 874 743 ex
898 677 1052 757 omnibus
1078 675 1217 741 urbini

86 766 244 857 partibus
274 776 349 833 orto
381 770 527 835 elamore
554 768 613 855 qui
642 769 776 853 longius
802 764 963 846 aberant,
997 764 1173 848 repentino

86 856 236 922 tumultu
267 857 461 942 perterriti,
500 879 575 921 eum
600 857 728 922 hostem
752 857 843 921 intro
864 863 983 942 portas
1007 874 1082 917 esse
1105 851 1176 918 exi·
1241 886 1243 895 v

86 945 278 1026 stimarent,
299 966 375 1010 sese
397 967 438 1010 ex
460 944 585 1033 oppido
607 946 789 1011 eieoerunt.
831 941 1109 1047 Matresismiliao
1132 938 1174 1006 de
1196 937 1219 1006 ὅ

143 1146 243 1198 nequo
262 1132 338 1196 prins
356 1132 436 1186 iin'em
454 1133 585 1202 sequendi
600 1132 739 1201 iecerunt]
756 1147 785 1188 n.
802 1131 831 1197 fi·
843 1145 891 1199 pr.
907 1147 947 1186 se.
966 1133 1004 1198 fe.
1023 1128 1175 1199 „plurimr‘

118 1206 204 1267 Boug.
222 1206 256 1260 A.
275 1206 337 1254 Per.
357 1209 391 1255 A.
409 1207 483 1264 Har,
502 1207 557 1257 AB.
578 1205 623 1253 Dr.
639 1207 672 1253 A.
691 1205 772 1254 Vrat.
790 1205 845 1254 AB.
867 1205 920 1255 Gn.
939 1204 1020 1253 Vind.
1041 1204 1070 1251 B.
1087 1216 1115 1252 n.
1133 1216 1175 1254 se.

119 1286 167 1340 pr.
187 1274 226 1338 fe.
242 1272 358 1337 (omisso
375 1272 475 1337 finoni]
492 1273 576 1326 vind.
595 1277 629 1324 A·
645 1286 699 1325 nee
715 1285 763 1336 pr.
782 1271 812 1337 fi.
831 1275 870 1341 fe.
889 1286 929 1325 se.
945 1271 1028 1325 Vind.
1046 1267 1068 1319 Ι.
1103 1272 1176 1324 Vul-

120 1347 213 1407 gnlum
231 1344 349 1392 ordinem
370 1348 397 1392 et
415 1345 484 1394 ratio
502 1347 593 1394 tuetur
611 1351 638 1390 et
655 1356 723 1392 usus
741 1344 891 1394 confirmat.
927 1342 968 1392 Cf.
989 1347 1022 1403 1,
1046 1341 1081 1391 53
1098 1339 1124 1401 S.
1144 1342 1176 1393 1:

119 1425 212 1475 neque
232 1413 317 1474 prius
343 1413 448 1479 supere
473 1413 669 1473 destiterunt,
702 1425 787 1475 qnam
810 1415 849 1464 ad
866 1413 973 1476 flumen
989 1410 1123 1462 'ilbennm
1142 1420 1176 1449 -·-

118 1483 326 1546 pervenerunt,
344 1484 370 1545 6,
390 1484 424 1533 37
444 1481 470 1541 S.
485 1485 516 1532 2:
536 1494 589 1533 nee
599 1482 686 1546 prrins
698 1486 768 1533 suni
783 1482 848 1548 visi,
866 1482 982 1533 obiectis
996 1481 1031 1531 ab
1043 1494 1077 1530 ea
1087 1481 1177 1544 parte

121 1552 219 1614 nivis,
252 1564 338 1614 quam
354 1553 464 1601 rostris
482 1552 764 1614 adpropinquarent.
796 1552 830 1614 8,
856 1554 888 1602 ra
907 1550 934 1612 S.
955 1555 988 1601 3:
1022 1563 1075 1600 nee
1091 1550 1178 1614 priris

121 1619 208 1687 finem
224 1619 313 1685 sonae
330 1621 478 1686 fecerunt,
495 1632 581 1681 saepe
598 1620 713 1671 oresiesis
729 1621 928 1685 repertoribus
945 1620 1023 1680 loeis,
1043 1633 1128 1683 quom
1145 1631 1177 1670 se

122 1693 174 1741 eut
197 1690 229 1739 in
255 1693 356 1751 eostre
378 1701 499 1741 snorum
521 1690 705 1752 reciperent,
734 1693 787 1740 arel
804 1690 937 1742 nonnulli
953 1690 1065 1752 pedore
1083 1688 1179 1741 conen

12 1824 16 1828 .
120 1760 233 1825 ionpius
250 1760 456 1827 proserperent.
473 1762 500 1822 3,
519 1759 553 1808 18
569 1758 595 1818 s.
607 1759 640 1809 7:
661 1759 815 1821 nonprius
829 1760 1021 1810 Viridovicem
1034 1758 1177 1822 reliquos-

124 1841 178 1892 qne
202 1829 290 1879 duces
316 1842 355 1879 en
379 1828 498 1879 coneilio
523 1828 692 1891 dimittunt,
725 1840 811 1890 quom
827 1829 863 1879 eb
881 1828 928 1878 bis
943 1830 984 1877 sit
1000 1839 1178 1893 eoncessum,

123 1911 209 1950 armo
225 1899 270 1947 uli
289 1899 406 1959 capiant
424 1903 452 1947 el
467 1897 506 1947 od
523 1900 625 1948 costra
644 1896 828 1948 contemlont.
859 1895 892 1958 4,
925 1899 958 1945 12
977 1899 1003 1959 s.
1025 1899 1058 1947 2:
1089 1899 1178 1961 elque

123 1969 166 2019 ito
187 1968 370 2029 perterritos
389 1969 528 2032 eperunt,
555 1969 589 2016 ul
606 1979 665 2017 non
684 1966 767 2030 prins
784 1967 857 2032 sepo
874 1967 1065 2032 desisterent,
1092 1979 1178 2032 qnam

122 2037 352 2100 inconspectum
368 2037 490 2103 apollinis
506 2036 603 2087 nostri
620 2035 776 2086 venissent.

156 2106 419 2169 adpropinquarunt]
439 2107 513 2156 Gott.
533 2108 609 2169 Egm.
627 2105 710 2155 Fabr-
731 2106 812 2167 Bong.
831 2105 865 2154 A.
885 2103 926 2154 Pl.
946 2104 1010 2155 Par.
1028 2107 1061 2153 A.
1079 2106 1127 2157 Dr.
1143 2107 1178 2159 A.

121 2174 202 2228 Vrut.
219 2175 272 2226 ΒΟ.
291 2177 370 2227 lietb.
391 2178 423 2226 B.
442 2177 501 2228 edd.
521 2185 585 2225 erite
599 2174 665 2245 ῼοᾱ.
682 2199 718 2209 -
731 2175 899 2239 quaererent
917 2174 976 2222 cod.
995 2174 1073 2225 Turr.
1093 2174 1177 2228 Vini.

122 2244 168 2296 ci.
192 2246 263 2295 Duk.
289 2245 372 2297 Voss.
393 2246 424 2297 Β.
450 2254 478 2296 ei
503 2256 560 2296 seo.
578 2244 645 2305 Qud.
664 2245 716 2311 A.·,
748 2242 1178 2306 inquoseo.1ianr.seriptum

274 2329 294 2365 o
362 2328 381 2365 a

122 2387 166 2436 est
182 2381 489 2449 ndproopinqnernnl.
508 2394 645 2450 -qnore
664 2381 761 2432 Hanni.
780 2382 951 2444 —qnnrenl
967 2381 1000 2431 R.
1020 2383 1078 2435 Pet.
1097 2382 1181 2435 Febr.

125 2455 173 2503 Dr.
193 2456 225 2501 B.
248 2448 324 2499 Vror.
343 2458 375 2499 A.
394 2454 476 2500 vind.
494 2454 551 2497 Ali.
572 2454 644 2498 flav.
665 2455 700 2498 A.
723 2459 751 2496 sn
772 2450 962 2513 „auctoritate
981 2450 1080 2503 Peter.
1099 2453 1178 2504 Leid.

126 2534 166 2582 pr.
193 2522 223 2569 el
247 2519 334 2569 oxon.
359 2512 554 2580 οΙῑοηιοιοοοιι
576 2518 661 2582 oud,
692 2529 744 2578 qno
762 2526 852 2567 tamen
870 2518 958 2568 iudice
976 2552 995 2582 „
1005 2521 1180 2574 verissimum

125 2591 183 2647 iore
201 2586 255 2638 init
274 2582 574 2650 adpropinqnorint.“
609 2588 651 2635 Ex
669 2586 719 2649 iis,
739 2598 807 2649 quiae
826 2587 853 2634 in
869 2588 1010 2647 superiore
1028 2592 1091 2641 adn.
1112 2603 1180 2653 pro·

124 2659 214 2723 posite
237 2669 300 2707 euno
325 2656 452 2705 dictionis
481 2668 572 2720 neque
594 2656 727 2718 prins—
740 2667 826 2720 quom
850 2656 867 2705 Ι.
888 2657 906 2702 6
924 2657 951 2704 st
971 2658 989 2705 i.
1010 2661 1027 2706 3
1045 2662 1180 2727 exemplo,

126 2730 241 2791 appetet
260 2724 405 2776 lectionem
423 2726 457 2774 eo
475 2725 542 2774 oud.
564 2734 722 2789 receptam,
752 2725 859 2775 etiamsi
884 2725 994 2791 consilii
1014 2728 1182 2791 significatio

126 2809 145 2849 a
161 2805 250 2847 mente
270 2794 411 2853 scriptorio
427 2794 518 2844 aliena
531 2792 649 2855 videtur,
669 2794 775 2854 probari
788 2799 878 2845 tamen
892 2807 982 2861 posse,
999 2796 1182 2865 illudentem,

128 2868 198 2930 qnod
216 2866 286 2915 idem
306 2863 477 2912 verissimum
491 2862 639 2924 iudicabat,
658 2863 682 2912 si
701 2863 842 2913 eonsilium
856 2863 1036 2928 significatum
1055 2866 1100 2929 sit,
1120 2868 1181 2919 sai-

128 2947 180 2986 tem
208 2947 262 2983 non
289 2945 352 2982 esse
377 2934 494 2993 falsum,
525 2943 611 2992 eaque
637 2932 789 2982 conditione
808 2934 888 2984 etiarn
912 2935 928 2983 Ι.
949 2937 967 2988 l.
987 2939 1182 2999 pervenerint

128 3004 272 3055 tolerabile
298 3001 367 3051 fieri.
408 3003 461 3050 Sed
478 3001 607 3063 'quioniam
631 3006 727 3051 neutro
746 3004 805 3052 leco
826 3005 859 3051 de
878 3002 992 3055 consilio
1010 3005 1182 3065 cogitandum

127 3068 248 3134 ridetur,
267 3074 380 3135 utroque
398 3071 480 3120 lectio
499 3070 611 3131 vulgato
624 3071 806 3131 praeferende
823 3075 876 3122 est.
894 3101 926 3111 -
942 3074 1027 3136 adpir.
1046 3075 1129 3127 Voss.
1144 3079 1180 3129 A.

126 3145 203 3207 Egra.
223 3141 321 3207 (song.
342 3144 393 3199 A.)
411 3140 472 3189 Per.
489 3142 524 3189 A.
543 3138 624 3189 Vror.
642 3140 676 3187 A.
694 3151 748 3190 non
767 3152 852 3204 ανον.
869 3144 949 3206 (apr.
970 3143 1053 3194 vind.
1071 3144 1118 3210 c.)

162 3215 189 3277 s.
205 3209 225 3261 4
241 3211 444 3272 existimarent]
464 3208 597 3260 eristum.
615 3211 701 3274 liong.
718 3206 754 3259 A.
772 3210 843 3275 (tae.
861 3211 902 3261 Pi.
920 3211 1003 3262 Voss.
1016 3215 1050 3265 A.
1067 3214 1132 3266 Por.
1148 3215 1183 3264 A.

128 3317 135 3331 .
154 3315 163 3332 .
182 3315 191 3332 .
208 3280 289 3332 naor.
307 3279 422 3340 (entim.
445 3272 521 3330 Vral.
541 3276 589 3343 G.)

595 3364 609 3398 ι

147 3436 174 3499 s.
193 3442 210 3488 3
228 3437 299 3501 quod
320 3434 554 3496 non-possent]
574 3431 617 3484 Gi.
660 3432 829 3494 partenitre
841 3445 947 3484 murrum
961 3433 1097 3498 proiecte.
1124 3430 1185 3489 na-

93 3509 158 3561 adn.
176 3521 216 3560 er.
235 3508 271 3557 ad
288 3504 316 3571 4,
336 3506 353 3555 7
371 3504 398 3564 S.
418 3504 444 3553 ⁵.
661 3516 714 3565 qne
728 3507 805 3555 recte
818 3506 1023 3565 Metaphrastes
1040 3499 1133 3570 γυμνῷ
1145 3500 1187 3571 τῷ

147 3577 294 3641 sequendi]
326 3572 369 3626 ci.
390 3573 427 3623 all
445 3570 478 3641 5,
502 3573 537 3626 17
553 3571 618 3635 §.3
660 3568 1185 3639 orrideenporroo'pevnevertit[rectius

92 3648 245 3710 adscripta.
661 3645 724 3694 eret
747 3636 942 3709 morosiorem)
970 3646 999 3694 et
1022 3643 1186 3697 Germanice

145 3718 172 3779 S.
191 3716 210 3766 4
234 3715 349 3778 pectore
365 3714 438 3763 nudo
456 3710 618 3774 prominen·
660 3712 734 3761 verti
752 3714 843 3774 potest
854 3709 897 3778 pa
911 3712 1071 3781 norbeuqenb,
1088 3726 1186 3779 quem-

93 3785 151 3854 tee]
176 3789 236 3837 ileo
254 3787 356 3848 verbo,
376 3784 447 3845 quod
463 3784 619 3833 Frenndius
662 3793 744 3845 quam
767 3782 925 3831 inflexionis
949 3785 978 3832 et
995 3784 1185 3836 inclinationis

93 3860 200 3909 temere
217 3858 301 3919 negat
317 3854 391 3917 apud
406 3853 554 3904 cessorem
568 3864 619 3900 ex·
661 3850 830 3916 significatio
844 3850 923 3901 verbi
937 3855 1047 3904 nonest
1060 3855 1185 3917 propria.

95 3930 190 3992 stare,
219 3928 309 3975 stelen
329 3920 619 3988 significaturmnlie-
662 3920 753 3970 Simili
782 3922 863 3972 modo
893 3921 1000 3973 Statius
1032 3924 1115 3975 Tbelo.
1139 3924 1186 3992 11,

94 4008 157 4046 rum
187 3995 217 4045 in
248 3997 372 4045 extremo
399 3993 470 4043 muri
495 3989 620 4054 margine
662 3989 716 4040 416
733 3992 767 4040 de
784 3991 937 4041 bominibus
951 3995 1093 4043 certamen
1104 3992 1188 4044 ione-

95 4077 148 4116 nra
171 4068 207 4114 et·
225 4076 323 4113 marrus
341 4064 376 4113 ad
392 4063 531 4113 Romanos
551 4072 620 4111 eon·
663 4064 735 4110 stom
760 4062 928 4121 spectaturis
949 4062 1017 4113 dioil
1037 4061 1188 4114 Prominet

95 4134 281 4198 vertentium,
312 4134 341 4183 iii
358 4133 431 4196 quod
448 4134 544 4181 iacere
564 4141 621 4181 non
663 4130 785 4182 excelsis
802 4130 905 4196 vulqus
918 4131 1078 4184 miserabile
1090 4131 1186 4182 testis.

95 4207 236 4269 poterent·
250 4202 307 4255 nisi
330 4203 475 4268 superiore
494 4199 620 4265 eorporis
662 4196 779 4264 Saepius
804 4198 834 4252 in
856 4200 914 4253 situ
929 4202 1054 4255 looorum
1072 4201 1186 4254 eonibe-
