<?xml version="1.0" encoding="UTF-8"?>
<!DOCTYPE html PUBLIC "-//W3C//DTD XHTML 1.0 Transitional//EN"
    "http://www.w3.org/TR/xhtml1/DTD/xhtml1-transitional.dtd">
<html xmlns="http://www.w3.org/1999/xhtml" xml:lang="en" lang="en">
 <head>
  <title>
</title>
<meta http-equiv="Content-Type" content="text/html;charset=utf-8" />
  <meta name='ocr-system' content='tesseract 3.04.00' />
  <meta name='ocr-capabilities' content='ocr_page ocr_carea ocr_par ocr_line ocrx_word'/>
</head>
<body>
  <div class='ocr_page' id='page_1' title='image "./commentariidebe00schngoog_0027.png"; bbox 0 0 2700 4726; ppageno 0'>
   <div class='ocr_carea' id='block_1_1' title="bbox 206 66 301 197">
    <p class='ocr_par' dir='ltr' id='par_1_1' title="bbox 206 66 301 197">
     <span class='ocr_line' id='line_1_1' title="bbox 206 66 301 197; baseline 0 0"><span class='ocrx_word' id='word_1_1' title='bbox 206 66 301 197; x_wconf 49' lang='lat' dir='ltr'>ti!</span> 
     </span>
    </p>
   </div>
   <div class='ocr_carea' id='block_1_2' title="bbox 359 277 960 395">
    <p class='ocr_par' dir='ltr' id='par_1_2' title="bbox 359 277 960 395">
     <span class='ocr_line' id='line_1_2' title="bbox 359 277 960 395; baseline 0 -47"><span class='ocrx_word' id='word_1_2' title='bbox 359 277 675 395; x_wconf 0' lang='lat' dir='ltr'>,naguntto</span> <span class='ocrx_word' id='word_1_3' title='bbox 706 279 960 352; x_wconf 76' lang='lat' dir='ltr'>cantico</span> 
     </span>
    </p>
   </div>
   <div class='ocr_carea' id='block_1_3' title="bbox 58 450 1229 832">
    <p class='ocr_par' dir='ltr' id='par_1_3' title="bbox 58 450 1229 832">
     <span class='ocr_line' id='line_1_3' title="bbox 58 450 1221 560; baseline 0.005 -26"><span class='ocrx_word' id='word_1_4' title='bbox 58 480 63 489; x_wconf 91' lang='grc'><strong>’</strong></span> <span class='ocrx_word' id='word_1_5' title='bbox 134 450 192 535; x_wconf 72' lang='lat' dir='ltr'>tsr‘·</span> <span class='ocrx_word' id='word_1_6' title='bbox 219 465 351 536; x_wconf 66' lang='lat' dir='ltr'>adduci·</span> <span class='ocrx_word' id='word_1_7' title='bbox 375 469 489 551; x_wconf 88' lang='lat' dir='ltr'>iubet,</span> <span class='ocrx_word' id='word_1_8' title='bbox 525 490 695 537; x_wconf 86' lang='lat' dir='ltr'>armorum</span> <span class='ocrx_word' id='word_1_9' title='bbox 730 477 892 556; x_wconf 82' lang='lat' dir='ltr'>quantum</span> <span class='ocrx_word' id='word_1_10' title='bbox 920 492 1072 560; x_wconf 85' lang='lat' dir='ltr'>quasque</span> <span class='ocrx_word' id='word_1_11' title='bbox 1099 472 1221 540; x_wconf 85' lang='lat' dir='ltr'>civitas</span> 
     </span>
     <span class='ocr_line' id='line_1_4' title="bbox 135 548 1229 647; baseline 0.005 -26"><span class='ocrx_word' id='word_1_12' title='bbox 135 554 228 624; x_wconf 86' lang='lat' dir='ltr'>domi</span> <span class='ocrx_word' id='word_1_13' title='bbox 259 554 414 646; x_wconf 82' lang='lat' dir='ltr'>quodque</span> <span class='ocrx_word' id='word_1_14' title='bbox 445 563 524 623; x_wconf 87' lang='lat' dir='ltr'>ante</span> <span class='ocrx_word' id='word_1_15' title='bbox 544 548 679 647; x_wconf 76' lang='lat' dir='ltr'>tempus</span> <span class='ocrx_word' id='word_1_16' title='bbox 703 559 840 638; x_wconf 80' lang='lat' dir='ltr'>efficiat,</span> <span class='ocrx_word' id='word_1_17' title='bbox 861 561 1057 640; x_wconf 89' lang='lat' dir='ltr'>constitnit;</span> <span class='ocrx_word' id='word_1_18' title='bbox 1093 560 1127 626; x_wconf 92' lang='lat' dir='ltr'>in</span> <span class='ocrx_word' id='word_1_19' title='bbox 1149 562 1229 647; x_wconf 67' lang='lat' dir='ltr'>pris</span> 
     </span>
     <span class='ocr_line' id='line_1_5' title="bbox 135 643 1220 733; baseline 0.005 -24"><span class='ocrx_word' id='word_1_20' title='bbox 135 645 200 710; x_wconf 92' lang='lat' dir='ltr'>mis</span> <span class='ocrx_word' id='word_1_21' title='bbox 233 646 401 731; x_wconf 86' lang='lat' dir='ltr'>equitatui</span> <span class='ocrx_word' id='word_1_22' title='bbox 436 643 563 733; x_wconf 75' lang='lat' dir='ltr'>studet.</span> <span class='ocrx_word' id='word_1_23' title='bbox 627 645 783 713; x_wconf 81' lang='lat' dir='ltr'><strong>Summae</strong></span> <span class='ocrx_word' id='word_1_24' title='bbox 817 644 1016 731; x_wconf 77' lang='lat' dir='ltr'>diligentiae</span> <span class='ocrx_word' id='word_1_25' title='bbox 1053 668 1220 714; x_wconf 87' lang='lat' dir='ltr'>summam</span> 
     </span>
     <span class='ocr_line' id='line_1_6' title="bbox 136 730 1222 832; baseline 0.005 -37"><span class='ocrx_word' id='word_1_26' title='bbox 136 732 270 832; x_wconf 59' lang='lat' dir='ltr'>imperii</span> <span class='ocrx_word' id='word_1_27' title='bbox 297 735 514 801; x_wconf 75' lang='lat' dir='ltr'>severitatem</span> <span class='ocrx_word' id='word_1_28' title='bbox 544 731 659 815; x_wconf 63' lang='lat' dir='ltr'>addin</span> <span class='ocrx_word' id='word_1_29' title='bbox 692 730 922 819; x_wconf 82' lang='lat' dir='ltr'>magnitudino</span> <span class='ocrx_word' id='word_1_30' title='bbox 940 734 1100 822; x_wconf 83' lang='lat' dir='ltr'>supplicii</span> <span class='ocrx_word' id='word_1_31' title='bbox 1122 734 1222 801; x_wconf 83' lang='lat' dir='ltr'>dubi-</span> 
     </span>
    </p>
   </div>
   <div class='ocr_carea' id='block_1_4' title="bbox 135 818 1222 947">
    <p class='ocr_par' dir='ltr' id='par_1_4' title="bbox 135 818 1222 947">
     <span class='ocr_line' id='line_1_7' title="bbox 135 818 1222 947; baseline 0.006 -63"><span class='ocrx_word' id='word_1_32' title='bbox 135 824 248 947; x_wconf 63' lang='lat' dir='ltr'>tantes</span> <span class='ocrx_word' id='word_1_33' title='bbox 268 821 371 907; x_wconf 82' lang='lat' dir='ltr'>cogit.</span> <span class='ocrx_word' id='word_1_34' title='bbox 413 818 504 888; x_wconf 80' lang='lat' dir='ltr'>Nam</span> <span class='ocrx_word' id='word_1_35' title='bbox 525 820 652 887; x_wconf 88' lang='lat' dir='ltr'>maiore</span> <span class='ocrx_word' id='word_1_36' title='bbox 671 820 851 889; x_wconf 86' lang='lat' dir='ltr'>commisso</span> <span class='ocrx_word' id='word_1_37' title='bbox 873 819 1000 889; x_wconf 87' lang='lat' dir='ltr'>delicto</span> <span class='ocrx_word' id='word_1_38' title='bbox 1023 822 1095 907; x_wconf 82' lang='lat' dir='ltr'>igni</span> <span class='ocrx_word' id='word_1_39' title='bbox 1115 833 1222 911; x_wconf 85' lang='lat' dir='ltr'>atque</span> 
     </span>
    </p>
   </div>
   <div class='ocr_carea' id='block_1_5' title="bbox 88 991 1221 2369">
    <p class='ocr_par' dir='ltr' id='par_1_5' title="bbox 108 991 1221 1411">
     <span class='ocr_line' id='line_1_8' title="bbox 108 991 1220 1064; baseline -0.004 -14"><span class='ocrx_word' id='word_1_40' title='bbox 108 1035 118 1050; x_wconf 76' lang='grc'><strong>.</strong></span> <span class='ocrx_word' id='word_1_41' title='bbox 202 994 230 1058; x_wconf 71' lang='lat' dir='ltr'>s.</span> <span class='ocrx_word' id='word_1_42' title='bbox 247 995 267 1048; x_wconf 85' lang='lat'><strong>7</strong></span> <span class='ocrx_word' id='word_1_43' title='bbox 282 993 371 1064; x_wconf 90' lang='lat' dir='ltr'>iubet]</span> <span class='ocrx_word' id='word_1_44' title='bbox 387 994 475 1048; x_wconf 77' lang='lat' dir='ltr'>iacuit</span> <span class='ocrx_word' id='word_1_45' title='bbox 490 996 587 1064; x_wconf 59' lang='lat' dir='ltr'>„MSS</span> <span class='ocrx_word' id='word_1_46' title='bbox 600 991 744 1060; x_wconf 69' lang='lat' dir='ltr'>plerique‘</span> <span class='ocrx_word' id='word_1_47' title='bbox 762 994 791 1047; x_wconf 61' lang='lat' dir='ltr'>lt}</span> <span class='ocrx_word' id='word_1_48' title='bbox 806 1009 834 1048; x_wconf 90' lang='lat' dir='ltr'>e.</span> <span class='ocrx_word' id='word_1_49' title='bbox 850 998 881 1046; x_wconf 91' lang='lat' dir='ltr'>nt</span> <span class='ocrx_word' id='word_1_50' title='bbox 897 1009 932 1048; x_wconf 88' lang='lat' dir='ltr'>ex</span> <span class='ocrx_word' id='word_1_51' title='bbox 948 997 1032 1050; x_wconf 72' lang='lat' dir='ltr'>Febr.</span> <span class='ocrx_word' id='word_1_52' title='bbox 1050 996 1136 1049; x_wconf 81' lang='lat' dir='ltr'>cond.</span> <span class='ocrx_word' id='word_1_53' title='bbox 1151 997 1220 1052; x_wconf 80' lang='lat' dir='ltr'>wit.</span> 
     </span>
     <span class='ocr_line' id='line_1_9' title="bbox 166 1064 1221 1132; baseline 0.004 -15"><span class='ocrx_word' id='word_1_54' title='bbox 166 1065 279 1128; x_wconf 79' lang='lat' dir='ltr'>Beyerl·</span> <span class='ocrx_word' id='word_1_55' title='bbox 303 1078 475 1131; x_wconf 82' lang='lat' dir='ltr'>meorumque</span> <span class='ocrx_word' id='word_1_56' title='bbox 499 1064 655 1117; x_wconf 88' lang='lat' dir='ltr'>testimonio</span> <span class='ocrx_word' id='word_1_57' title='bbox 671 1064 828 1132; x_wconf 76' lang='lat' dir='ltr'>colligitur,</span> <span class='ocrx_word' id='word_1_58' title='bbox 845 1076 938 1116; x_wconf 90' lang='lat' dir='ltr'>omnes</span> <span class='ocrx_word' id='word_1_59' title='bbox 956 1071 1066 1128; x_wconf 88' lang='lat' dir='ltr'>praeter</span> <span class='ocrx_word' id='word_1_60' title='bbox 1084 1066 1168 1132; x_wconf 82' lang='lat' dir='ltr'>Bong.</span> <span class='ocrx_word' id='word_1_61' title='bbox 1185 1071 1221 1121; x_wconf 79' lang='lat' dir='ltr'>A.</span> 
     </span>
     <span class='ocr_line' id='line_1_10' title="bbox 165 1133 1221 1200; baseline -0.001 -12"><span class='ocrx_word' id='word_1_62' title='bbox 165 1135 283 1188; x_wconf 58' lang='lat' dir='ltr'>flava.</span> <span class='ocrx_word' id='word_1_63' title='bbox 297 1135 421 1186; x_wconf 77' lang='lat' dir='ltr'>vind-A.</span> <span class='ocrx_word' id='word_1_64' title='bbox 439 1133 671 1197; x_wconf 66' lang='lat' dir='ltr'>quindennem.</span> <span class='ocrx_word' id='word_1_65' title='bbox 687 1133 736 1184; x_wconf 80' lang='lat' dir='ltr'>cu.</span> <span class='ocrx_word' id='word_1_66' title='bbox 746 1133 863 1184; x_wconf 76' lang='lat' dir='ltr'>Laida.</span> <span class='ocrx_word' id='word_1_67' title='bbox 877 1135 1069 1187; x_wconf 76' lang='lat' dir='ltr'>adnumerandi</span> <span class='ocrx_word' id='word_1_68' title='bbox 1081 1134 1221 1200; x_wconf 86' lang='lat' dir='ltr'>videntur,</span> 
     </span>
     <span class='ocr_line' id='line_1_11' title="bbox 166 1202 1221 1270; baseline 0.005 -18"><span class='ocrx_word' id='word_1_69' title='bbox 166 1213 196 1255; x_wconf 88' lang='lat' dir='ltr'>et</span> <span class='ocrx_word' id='word_1_70' title='bbox 208 1205 268 1257; x_wconf 90' lang='lat' dir='ltr'>edd.</span> <span class='ocrx_word' id='word_1_71' title='bbox 281 1207 345 1254; x_wconf 89' lang='lat' dir='ltr'>ante</span> <span class='ocrx_word' id='word_1_72' title='bbox 358 1205 419 1254; x_wconf 79' lang='lat' dir='ltr'>Ald.</span> <span class='ocrx_word' id='word_1_73' title='bbox 444 1203 519 1262; x_wconf 81' lang='lat' dir='ltr'>Quod</span> <span class='ocrx_word' id='word_1_74' title='bbox 532 1202 685 1264; x_wconf 83' lang='lat' dir='ltr'>quominus</span> <span class='ocrx_word' id='word_1_75' title='bbox 699 1202 738 1252; x_wconf 89' lang='lat' dir='ltr'>ita</span> <span class='ocrx_word' id='word_1_76' title='bbox 753 1203 892 1267; x_wconf 79' lang='lat' dir='ltr'><strong>probetur,</strong></span> <span class='ocrx_word' id='word_1_77' title='bbox 913 1211 941 1254; x_wconf 89' lang='lat' dir='ltr'>ut</span> <span class='ocrx_word' id='word_1_78' title='bbox 953 1205 981 1264; x_wconf 75' lang='lat' dir='ltr'>s.</span> <span class='ocrx_word' id='word_1_79' title='bbox 996 1209 1013 1256; x_wconf 79' lang='grc'>3</span> <span class='ocrx_word' id='word_1_80' title='bbox 1028 1204 1151 1270; x_wconf 75' lang='lat' dir='ltr'>destitit,</span> <span class='ocrx_word' id='word_1_81' title='bbox 1168 1207 1221 1257; x_wconf 76' lang='lat' dir='ltr'>lucc</span> 
     </span>
     <span class='ocr_line' id='line_1_12' title="bbox 165 1271 1220 1337; baseline 0.004 -14"><span class='ocrx_word' id='word_1_82' title='bbox 165 1272 293 1337; x_wconf 85' lang='lat' dir='ltr'>impedit,</span> <span class='ocrx_word' id='word_1_83' title='bbox 325 1273 393 1334; x_wconf 84' lang='lat' dir='ltr'>qnod</span> <span class='ocrx_word' id='word_1_84' title='bbox 417 1272 495 1320; x_wconf 88' lang='lat' dir='ltr'>nulla</span> <span class='ocrx_word' id='word_1_85' title='bbox 518 1271 616 1332; x_wconf 89' lang='lat' dir='ltr'>copula</span> <span class='ocrx_word' id='word_1_86' title='bbox 633 1273 685 1322; x_wconf 82' lang='lat' dir='ltr'>boc</span> <span class='ocrx_word' id='word_1_87' title='bbox 702 1272 814 1322; x_wconf 83' lang='lat' dir='ltr'>verbum</span> <span class='ocrx_word' id='word_1_88' title='bbox 836 1272 1006 1324; x_wconf 88' lang='lat' dir='ltr'>coniunctum</span> <span class='ocrx_word' id='word_1_89' title='bbox 1024 1274 1220 1335; x_wconf 83' lang='lat' dir='ltr'>estproximo.</span> 
     </span>
     <span class='ocr_line' id='line_1_13' title="bbox 165 1338 1220 1411; baseline -0.001 -17"><span class='ocrx_word' id='word_1_90' title='bbox 165 1344 202 1394; x_wconf 82' lang='lat' dir='ltr'>Ut</span> <span class='ocrx_word' id='word_1_91' title='bbox 224 1341 308 1404; x_wconf 88' lang='lat' dir='ltr'>igitur</span> <span class='ocrx_word' id='word_1_92' title='bbox 329 1339 431 1403; x_wconf 88' lang='lat' dir='ltr'>pariter</span> <span class='ocrx_word' id='word_1_93' title='bbox 455 1341 537 1402; x_wconf 81' lang='lat' dir='ltr'>atque</span> <span class='ocrx_word' id='word_1_94' title='bbox 561 1338 629 1389; x_wconf 90' lang='lat' dir='ltr'>illud</span> <span class='ocrx_word' id='word_1_95' title='bbox 652 1341 688 1389; x_wconf 87' lang='lat' dir='ltr'>ad</span> <span class='ocrx_word' id='word_1_96' title='bbox 711 1353 767 1406; x_wconf 81' lang='lat' dir='ltr'>qua</span> <span class='ocrx_word' id='word_1_97' title='bbox 792 1341 886 1391; x_wconf 85' lang='lat' dir='ltr'>oblata</span> <span class='ocrx_word' id='word_1_98' title='bbox 907 1344 1053 1404; x_wconf 78' lang='lat' dir='ltr'>potestate</span> <span class='ocrx_word' id='word_1_99' title='bbox 1070 1345 1220 1411; x_wconf 84' lang='lat' dir='ltr'>referatur,</span> 
     </span>
    </p>

    <p class='ocr_par' dir='ltr' id='par_1_6' title="bbox 98 1406 1219 1472">
     <span class='ocr_line' id='line_1_14' title="bbox 98 1406 1219 1472; baseline 0.001 -9"><span class='ocrx_word' id='word_1_100' title='bbox 98 1428 106 1451; x_wconf 65' lang='lat' dir='ltr'>a</span> <span class='ocrx_word' id='word_1_101' title='bbox 162 1411 295 1472; x_wconf 86' lang='lat' dir='ltr'>temporis</span> <span class='ocrx_word' id='word_1_102' title='bbox 312 1406 475 1471; x_wconf 82' lang='lat' dir='ltr'>aequalitate</span> <span class='ocrx_word' id='word_1_103' title='bbox 494 1420 562 1469; x_wconf 89' lang='lat' dir='ltr'>opus</span> <span class='ocrx_word' id='word_1_104' title='bbox 579 1413 640 1470; x_wconf 85' lang='lat' dir='ltr'>est,</span> <span class='ocrx_word' id='word_1_105' title='bbox 665 1421 719 1472; x_wconf 80' lang='lat' dir='ltr'>qua</span> <span class='ocrx_word' id='word_1_106' title='bbox 736 1410 846 1461; x_wconf 88' lang='lat' dir='ltr'>sublata</span> <span class='ocrx_word' id='word_1_107' title='bbox 863 1422 963 1462; x_wconf 88' lang='lat' dir='ltr'>novum</span> <span class='ocrx_word' id='word_1_108' title='bbox 981 1414 1031 1462; x_wconf 87' lang='lat' dir='ltr'>boc</span> <span class='ocrx_word' id='word_1_109' title='bbox 1048 1413 1219 1464; x_wconf 78' lang='lat' dir='ltr'>enuntiatum</span> 
     </span>
    </p>

    <p class='ocr_par' dir='ltr' id='par_1_7' title="bbox 88 1476 1220 1542">
     <span class='ocr_line' id='line_1_15' title="bbox 88 1476 1220 1542; baseline -0.001 -10"><span class='ocrx_word' id='word_1_110' title='bbox 88 1488 96 1507; x_wconf 59' lang='lat'>⁸</span> <span class='ocrx_word' id='word_1_111' title='bbox 163 1493 182 1532; x_wconf 79' lang='lat' dir='ltr'>a</span> <span class='ocrx_word' id='word_1_112' title='bbox 206 1481 298 1541; x_wconf 88' lang='lat' dir='ltr'>priore</span> <span class='ocrx_word' id='word_1_113' title='bbox 324 1480 480 1538; x_wconf 85' lang='lat' dir='ltr'>separatum</span> <span class='ocrx_word' id='word_1_114' title='bbox 507 1476 596 1527; x_wconf 87' lang='lat' dir='ltr'>videri</span> <span class='ocrx_word' id='word_1_115' title='bbox 620 1489 735 1527; x_wconf 88' lang='lat' dir='ltr'>necesse</span> <span class='ocrx_word' id='word_1_116' title='bbox 761 1484 821 1542; x_wconf 81' lang='lat' dir='ltr'>est3</span> <span class='ocrx_word' id='word_1_117' title='bbox 851 1479 880 1529; x_wconf 88' lang='lat' dir='ltr'>id</span> <span class='ocrx_word' id='word_1_118' title='bbox 896 1482 964 1542; x_wconf 83' lang='lat' dir='ltr'>quod</span> <span class='ocrx_word' id='word_1_119' title='bbox 984 1483 1009 1529; x_wconf 85' lang='lat' dir='ltr'>lt.</span> <span class='ocrx_word' id='word_1_120' title='bbox 1027 1482 1047 1533; x_wconf 89' lang='lat' dir='ltr'>l.</span> <span class='ocrx_word' id='word_1_121' title='bbox 1064 1481 1152 1529; x_wconf 87' lang='lat' dir='ltr'>minus</span> <span class='ocrx_word' id='word_1_122' title='bbox 1174 1484 1220 1531; x_wconf 84' lang='lat' dir='ltr'>cst</span> 
     </span>
    </p>

    <p class='ocr_par' dir='ltr' id='par_1_8' title="bbox 160 1543 1218 1949">
     <span class='ocr_line' id='line_1_16' title="bbox 162 1543 1218 1615; baseline 0.002 -17"><span class='ocrx_word' id='word_1_123' title='bbox 162 1552 265 1609; x_wconf 84' lang='lat' dir='ltr'>aptum.</span> <span class='ocrx_word' id='word_1_124' title='bbox 298 1547 378 1596; x_wconf 84' lang='lat' dir='ltr'>liand</span> <span class='ocrx_word' id='word_1_125' title='bbox 393 1547 472 1596; x_wconf 84' lang='lat' dir='ltr'>dubie</span> <span class='ocrx_word' id='word_1_126' title='bbox 489 1543 560 1594; x_wconf 90' lang='lat' dir='ltr'>enim</span> <span class='ocrx_word' id='word_1_127' title='bbox 579 1546 646 1594; x_wconf 84' lang='lat' dir='ltr'>haec</span> <span class='ocrx_word' id='word_1_128' title='bbox 665 1547 733 1609; x_wconf 88' lang='lat' dir='ltr'>tria,</span> <span class='ocrx_word' id='word_1_129' title='bbox 751 1549 784 1596; x_wconf 92' lang='lat' dir='ltr'>de</span> <span class='ocrx_word' id='word_1_130' title='bbox 802 1548 950 1615; x_wconf 85' lang='lat' dir='ltr'>obsidibus,</span> <span class='ocrx_word' id='word_1_131' title='bbox 969 1549 1163 1612; x_wconf 72' lang='lat' dir='ltr'>domiminus,</span> <span class='ocrx_word' id='word_1_132' title='bbox 1181 1552 1218 1600; x_wconf 89' lang='lat' dir='ltr'>de</span> 
     </span>
     <span class='ocr_line' id='line_1_17' title="bbox 162 1614 1216 1684; baseline 0.001 -17"><span class='ocrx_word' id='word_1_133' title='bbox 162 1617 264 1682; x_wconf 89' lang='lat' dir='ltr'>armis,</span> <span class='ocrx_word' id='word_1_134' title='bbox 289 1615 393 1676; x_wconf 85' lang='lat' dir='ltr'>pariter</span> <span class='ocrx_word' id='word_1_135' title='bbox 410 1627 444 1664; x_wconf 90' lang='lat' dir='ltr'>ex</span> <span class='ocrx_word' id='word_1_136' title='bbox 461 1614 511 1663; x_wconf 89' lang='lat' dir='ltr'>illa</span> <span class='ocrx_word' id='word_1_137' title='bbox 530 1614 751 1681; x_wconf 81' lang='lat' dir='ltr'>Vercingetorigi</span> <span class='ocrx_word' id='word_1_138' title='bbox 771 1618 862 1666; x_wconf 87' lang='lat' dir='ltr'>oblata</span> <span class='ocrx_word' id='word_1_139' title='bbox 879 1621 1014 1678; x_wconf 80' lang='lat' dir='ltr'>potestate</span> <span class='ocrx_word' id='word_1_140' title='bbox 1029 1619 1166 1684; x_wconf 90' lang='lat' dir='ltr'>pendent,</span> <span class='ocrx_word' id='word_1_141' title='bbox 1185 1626 1216 1669; x_wconf 82' lang='lat' dir='ltr'>et</span> 
     </span>
     <span class='ocr_line' id='line_1_18' title="bbox 162 1683 1217 1750; baseline 0.001 -14"><span class='ocrx_word' id='word_1_142' title='bbox 162 1687 244 1745; x_wconf 60' lang='lat' dir='ltr'>sicut¹</span> <span class='ocrx_word' id='word_1_143' title='bbox 258 1684 301 1735; x_wconf 83' lang='lat' dir='ltr'>itis</span> <span class='ocrx_word' id='word_1_144' title='bbox 325 1685 411 1733; x_wconf 87' lang='lat' dir='ltr'>verba</span> <span class='ocrx_word' id='word_1_145' title='bbox 427 1683 536 1734; x_wconf 85' lang='lat' dir='ltr'>adiecta</span> <span class='ocrx_word' id='word_1_146' title='bbox 555 1692 618 1733; x_wconf 83' lang='lat' dir='ltr'>sunt</span> <span class='ocrx_word' id='word_1_147' title='bbox 636 1684 719 1734; x_wconf 78' lang='lat' dir='ltr'>simili</span> <span class='ocrx_word' id='word_1_148' title='bbox 736 1684 936 1749; x_wconf 86' lang='lat' dir='ltr'>significatione</span> <span class='ocrx_word' id='word_1_149' title='bbox 953 1687 1096 1750; x_wconf 88' lang='lat' dir='ltr'>praedita,</span> <span class='ocrx_word' id='word_1_150' title='bbox 1127 1688 1217 1749; x_wconf 89' lang='lat' dir='ltr'>impe-</span> 
     </span>
     <span class='ocr_line' id='line_1_19' title="bbox 161 1750 1216 1817; baseline 0.002 -11"><span class='ocrx_word' id='word_1_151' title='bbox 161 1754 251 1812; x_wconf 84' lang='lat' dir='ltr'>randi,</span> <span class='ocrx_word' id='word_1_152' title='bbox 269 1751 388 1817; x_wconf 87' lang='lat' dir='ltr'>iubendi,</span> <span class='ocrx_word' id='word_1_153' title='bbox 406 1750 596 1815; x_wconf 85' lang='lat' dir='ltr'>constituendi,</span> <span class='ocrx_word' id='word_1_154' title='bbox 614 1751 653 1804; x_wconf 89' lang='lat' dir='ltr'>ita</span> <span class='ocrx_word' id='word_1_155' title='bbox 670 1755 765 1805; x_wconf 86' lang='lat' dir='ltr'>horum</span> <span class='ocrx_word' id='word_1_156' title='bbox 781 1756 924 1806; x_wconf 87' lang='lat' dir='ltr'>verborum</span> <span class='ocrx_word' id='word_1_157' title='bbox 942 1760 1046 1816; x_wconf 90' lang='lat' dir='ltr'>tempus</span> <span class='ocrx_word' id='word_1_158' title='bbox 1064 1757 1133 1806; x_wconf 89' lang='lat' dir='ltr'>idem</span> <span class='ocrx_word' id='word_1_159' title='bbox 1151 1770 1216 1808; x_wconf 79' lang='lat' dir='ltr'>esso</span> 
     </span>
     <span class='ocr_line' id='line_1_20' title="bbox 161 1821 1215 1892; baseline 0.002 -16"><span class='ocrx_word' id='word_1_160' title='bbox 161 1823 299 1876; x_wconf 87' lang='lat' dir='ltr'>convenit.</span> <span class='ocrx_word' id='word_1_161' title='bbox 334 1821 420 1872; x_wconf 85' lang='lat' dir='ltr'>Simul</span> <span class='ocrx_word' id='word_1_162' title='bbox 438 1829 552 1881; x_wconf 86' lang='lat' dir='ltr'>apparet</span> <span class='ocrx_word' id='word_1_163' title='bbox 570 1830 630 1883; x_wconf 91' lang='lat' dir='ltr'>post</span> <span class='ocrx_word' id='word_1_164' title='bbox 647 1822 724 1874; x_wconf 83' lang='lat' dir='ltr'>iubet</span> <span class='ocrx_word' id='word_1_165' title='bbox 740 1835 795 1876; x_wconf 90' lang='lat' dir='ltr'>nou</span> <span class='ocrx_word' id='word_1_166' title='bbox 815 1825 927 1892; x_wconf 90' lang='lat' dir='ltr'>maiore,</span> <span class='ocrx_word' id='word_1_167' title='bbox 945 1837 1024 1888; x_wconf 85' lang='lat' dir='ltr'>quam</span> <span class='ocrx_word' id='word_1_168' title='bbox 1044 1828 1106 1888; x_wconf 92' lang='lat' dir='ltr'>post</span> <span class='ocrx_word' id='word_1_169' title='bbox 1123 1825 1215 1891; x_wconf 82' lang='lat' dir='ltr'>impe-</span> 
     </span>
     <span class='ocr_line' id='line_1_21' title="bbox 160 1890 684 1949; baseline -0.006 -3"><span class='ocrx_word' id='word_1_170' title='bbox 160 1894 213 1946; x_wconf 80' lang='lat' dir='ltr'>rat</span> <span class='ocrx_word' id='word_1_171' title='bbox 232 1892 357 1942; x_wconf 92' lang='lat' dir='ltr'>utendum</span> <span class='ocrx_word' id='word_1_172' title='bbox 376 1902 439 1939; x_wconf 88' lang='lat' dir='ltr'>esse</span> <span class='ocrx_word' id='word_1_173' title='bbox 458 1890 684 1949; x_wconf 80' lang='lat' dir='ltr'>interpunctione.</span> 
     </span>
    </p>

    <p class='ocr_par' dir='ltr' id='par_1_9' title="bbox 195 1959 1052 2019">
     <span class='ocr_line' id='line_1_22' title="bbox 195 1959 1052 2019; baseline -0.007 -7"><span class='ocrx_word' id='word_1_174' title='bbox 195 1962 343 2019; x_wconf 84' lang='lat' dir='ltr'>armorum]</span> <span class='ocrx_word' id='word_1_175' title='bbox 361 1960 545 2010; x_wconf 84' lang='lat' dir='ltr'>armaturam</span> <span class='ocrx_word' id='word_1_176' title='bbox 563 1959 622 2007; x_wconf 86' lang='lat' dir='ltr'>Pet.</span> <span class='ocrx_word' id='word_1_177' title='bbox 638 1959 724 2010; x_wconf 81' lang='lat' dir='ltr'>coni.</span> <span class='ocrx_word' id='word_1_178' title='bbox 1049 1977 1052 1981; x_wconf 91' lang='lat'>·</span> 
     </span>
    </p>

    <p class='ocr_par' dir='ltr' id='par_1_10' title="bbox 193 2025 1213 2095">
     <span class='ocr_line' id='line_1_23' title="bbox 193 2025 1213 2095; baseline 0.005 -15"><span class='ocrx_word' id='word_1_179' title='bbox 193 2030 337 2093; x_wconf 83' lang='lat' dir='ltr'>equitatui]</span> <span class='ocrx_word' id='word_1_180' title='bbox 357 2029 489 2094; x_wconf 80' lang='lat' dir='ltr'>equitata</span> <span class='ocrx_word' id='word_1_181' title='bbox 506 2027 587 2079; x_wconf 87' lang='lat' dir='ltr'>Vrat.</span> <span class='ocrx_word' id='word_1_182' title='bbox 605 2025 634 2078; x_wconf 81' lang='lat' dir='ltr'>c.</span> <span class='ocrx_word' id='word_1_183' title='bbox 654 2029 735 2080; x_wconf 77' lang='lat' dir='ltr'>Gotlr.</span> <span class='ocrx_word' id='word_1_184' title='bbox 752 2029 783 2077; x_wconf 85' lang='lat' dir='ltr'>B.</span> <span class='ocrx_word' id='word_1_185' title='bbox 798 2026 880 2083; x_wconf 88' lang='lat' dir='ltr'>Vind.</span> <span class='ocrx_word' id='word_1_186' title='bbox 897 2031 931 2081; x_wconf 82' lang='lat' dir='ltr'>il.</span> <span class='ocrx_word' id='word_1_187' title='bbox 947 2031 1017 2094; x_wconf 80' lang='lat' dir='ltr'>qnod</span> <span class='ocrx_word' id='word_1_188' title='bbox 1033 2029 1122 2095; x_wconf 86' lang='lat' dir='ltr'>ipsum</span> <span class='ocrx_word' id='word_1_189' title='bbox 1137 2031 1213 2085; x_wconf 88' lang='lat' dir='ltr'>desi-</span> 
     </span>
    </p>

    <p class='ocr_par' dir='ltr' id='par_1_11' title="bbox 158 2096 800 2163">
     <span class='ocr_line' id='line_1_24' title="bbox 158 2096 800 2163; baseline -0.016 -9"><span class='ocrx_word' id='word_1_190' title='bbox 158 2102 274 2154; x_wconf 82' lang='lat' dir='ltr'>derabat</span> <span class='ocrx_word' id='word_1_191' title='bbox 291 2099 360 2149; x_wconf 90' lang='lat' dir='ltr'>0ud.</span> <span class='ocrx_word' id='word_1_192' title='bbox 379 2098 422 2150; x_wconf 83' lang='lat' dir='ltr'>Gi.</span> <span class='ocrx_word' id='word_1_193' title='bbox 441 2097 502 2147; x_wconf 88' lang='lat' dir='ltr'>adn.</span> <span class='ocrx_word' id='word_1_194' title='bbox 522 2108 561 2144; x_wconf 91' lang='lat' dir='ltr'>cr.</span> <span class='ocrx_word' id='word_1_195' title='bbox 581 2097 617 2145; x_wconf 87' lang='lat' dir='ltr'>ad</span> <span class='ocrx_word' id='word_1_196' title='bbox 634 2101 662 2162; x_wconf 81' lang='lat' dir='ltr'>d,</span> <span class='ocrx_word' id='word_1_197' title='bbox 679 2096 713 2146; x_wconf 77' lang='lat'>42</span> <span class='ocrx_word' id='word_1_198' title='bbox 731 2097 756 2163; x_wconf 64' lang='lat' dir='ltr'>d.</span> <span class='ocrx_word' id='word_1_199' title='bbox 775 2098 800 2145; x_wconf 92' lang='lat'>1.</span> 
     </span>
    </p>

    <p class='ocr_par' dir='ltr' id='par_1_12' title="bbox 158 2153 1212 2303">
     <span class='ocr_line' id='line_1_25' title="bbox 178 2153 1212 2233; baseline 0.002 -15"><span class='ocrx_word' id='word_1_200' title='bbox 178 2169 222 2230; x_wconf 68' lang='grc'>,5.</span> <span class='ocrx_word' id='word_1_201' title='bbox 240 2169 258 2220; x_wconf 85' lang='lat'>8</span> <span class='ocrx_word' id='word_1_202' title='bbox 275 2168 365 2229; x_wconf 87' lang='lat' dir='ltr'>addit;</span> <span class='ocrx_word' id='word_1_203' title='bbox 391 2153 575 2227; x_wconf 81' lang='lat' dir='ltr'>magnitudine</span> <span class='ocrx_word' id='word_1_204' title='bbox 597 2166 737 2230; x_wconf 88' lang='lat' dir='ltr'>supplicii]</span> <span class='ocrx_word' id='word_1_205' title='bbox 755 2166 838 2217; x_wconf 82' lang='lat' dir='ltr'>addit</span> <span class='ocrx_word' id='word_1_206' title='bbox 855 2166 1081 2233; x_wconf 76' lang='lat' dir='ltr'>ampaitadiuem</span> <span class='ocrx_word' id='word_1_207' title='bbox 1099 2168 1212 2233; x_wconf 78' lang='lat' dir='ltr'>suppli-</span> 
     </span>
     <span class='ocr_line' id='line_1_26' title="bbox 158 2232 1212 2303; baseline 0.001 -14"><span class='ocrx_word' id='word_1_208' title='bbox 158 2237 205 2289; x_wconf 83' lang='lat' dir='ltr'>cii.</span> <span class='ocrx_word' id='word_1_209' title='bbox 241 2237 324 2288; x_wconf 86' lang='lat' dir='ltr'>Vind·</span> <span class='ocrx_word' id='word_1_210' title='bbox 348 2233 384 2291; x_wconf 83' lang='lat' dir='ltr'>A,</span> <span class='ocrx_word' id='word_1_211' title='bbox 409 2232 488 2300; x_wconf 84' lang='lat' dir='ltr'>(adit</span> <span class='ocrx_word' id='word_1_212' title='bbox 510 2259 546 2270; x_wconf 89' lang='lat'>-</span> <span class='ocrx_word' id='word_1_213' title='bbox 567 2233 640 2286; x_wconf 81' lang='lat' dir='ltr'>liar.</span> <span class='ocrx_word' id='word_1_214' title='bbox 660 2236 694 2289; x_wconf 81' lang='lat' dir='ltr'>A.</span> <span class='ocrx_word' id='word_1_215' title='bbox 712 2236 788 2290; x_wconf 82' lang='lat' dir='ltr'>adiit</span> <span class='ocrx_word' id='word_1_216' title='bbox 806 2261 843 2272; x_wconf 93' lang='grc'>-</span> <span class='ocrx_word' id='word_1_217' title='bbox 857 2237 954 2289; x_wconf 84' lang='lat' dir='ltr'>Hamb·</span> <span class='ocrx_word' id='word_1_218' title='bbox 971 2262 1006 2274; x_wconf 93' lang='lat'><em>-</em></span> <span class='ocrx_word' id='word_1_219' title='bbox 1026 2238 1114 2302; x_wconf 85' lang='lat' dir='ltr'>sabpt.</span> <span class='ocrx_word' id='word_1_220' title='bbox 1132 2241 1212 2303; x_wconf 83' lang='lat' dir='ltr'>Egm.</span> 
     </span>
    </p>

    <p class='ocr_par' dir='ltr' id='par_1_13' title="bbox 157 2304 255 2369">
     <span class='ocr_line' id='line_1_27' title="bbox 157 2304 255 2369; baseline 0.01 -12"><span class='ocrx_word' id='word_1_221' title='bbox 157 2304 255 2369; x_wconf 75' lang='lat' dir='ltr'>Febr.)</span> 
     </span>
    </p>
   </div>
   <div class='ocr_carea' id='block_1_6' title="bbox 112 2437 1213 2856">
    <p class='ocr_par' dir='ltr' id='par_1_14' title="bbox 112 2437 1213 2719">
     <span class='ocr_line' id='line_1_28' title="bbox 174 2437 1213 2507; baseline 0.005 -17"><span class='ocrx_word' id='word_1_222' title='bbox 174 2443 201 2506; x_wconf 67' lang='grc' dir='ltr'>ς,</span> <span class='ocrx_word' id='word_1_223' title='bbox 234 2443 254 2496; x_wconf 82' lang='grc'><strong>7</strong></span> <span class='ocrx_word' id='word_1_224' title='bbox 286 2441 346 2502; x_wconf 83' lang='lat' dir='ltr'>Qua</span> <span class='ocrx_word' id='word_1_225' title='bbox 377 2439 470 2490; x_wconf 85' lang='lat' dir='ltr'>obtata</span> <span class='ocrx_word' id='word_1_226' title='bbox 497 2439 646 2504; x_wconf 83' lang='lat' dir='ltr'>potestate]</span> <span class='ocrx_word' id='word_1_227' title='bbox 688 2437 740 2504; x_wconf 90' lang='lat' dir='ltr'>iis,</span> <span class='ocrx_word' id='word_1_228' title='bbox 773 2438 820 2505; x_wconf 83' lang='lat' dir='ltr'>qni</span> <span class='ocrx_word' id='word_1_229' title='bbox 835 2438 948 2506; x_wconf 88' lang='lat' dir='ltr'>imperio</span> <span class='ocrx_word' id='word_1_230' title='bbox 963 2454 1061 2504; x_wconf 90' lang='lat' dir='ltr'>parere</span> <span class='ocrx_word' id='word_1_231' title='bbox 1079 2446 1108 2494; x_wconf 88' lang='lat' dir='ltr'>et</span> <span class='ocrx_word' id='word_1_232' title='bbox 1124 2441 1213 2507; x_wconf 90' lang='lat' dir='ltr'>impe-</span> 
     </span>
     <span class='ocr_line' id='line_1_29' title="bbox 121 2509 1212 2580; baseline 0 -15"><span class='ocrx_word' id='word_1_233' title='bbox 121 2523 192 2580; x_wconf 75' lang='lat' dir='ltr'>quoo</span> <span class='ocrx_word' id='word_1_234' title='bbox 207 2509 366 2562; x_wconf 91' lang='lat' dir='ltr'>necessario</span> <span class='ocrx_word' id='word_1_235' title='bbox 377 2519 492 2572; x_wconf 83' lang='lat' dir='ltr'>summa,</span> <span class='ocrx_word' id='word_1_236' title='bbox 506 2509 586 2560; x_wconf 91' lang='lat' dir='ltr'>etiam</span> <span class='ocrx_word' id='word_1_237' title='bbox 602 2509 647 2560; x_wconf 81' lang='lat' dir='ltr'>ri·</span> <span class='ocrx_word' id='word_1_238' title='bbox 688 2518 752 2561; x_wconf 87' lang='lat' dir='ltr'>rata</span> <span class='ocrx_word' id='word_1_239' title='bbox 775 2512 871 2562; x_wconf 87' lang='lat' dir='ltr'>iacere</span> <span class='ocrx_word' id='word_1_240' title='bbox 890 2512 1031 2574; x_wconf 81' lang='lat' dir='ltr'>nolebant,</span> <span class='ocrx_word' id='word_1_241' title='bbox 1063 2515 1212 2578; x_wconf 87' lang='lat' dir='ltr'>eodemque</span> 
     </span>
     <span class='ocr_line' id='line_1_30' title="bbox 123 2577 1211 2647; baseline -0.002 -12"><span class='ocrx_word' id='word_1_242' title='bbox 123 2593 169 2635; x_wconf 86' lang='lat' dir='ltr'>tae</span> <span class='ocrx_word' id='word_1_243' title='bbox 181 2581 321 2647; x_wconf 82' lang='lat' dir='ltr'>necisque,</span> <span class='ocrx_word' id='word_1_244' title='bbox 339 2585 369 2628; x_wconf 90' lang='lat' dir='ltr'>ut</span> <span class='ocrx_word' id='word_1_245' title='bbox 384 2577 526 2641; x_wconf 82' lang='lat' dir='ltr'>sequeutia</span> <span class='ocrx_word' id='word_1_246' title='bbox 538 2581 645 2647; x_wconf 88' lang='lat' dir='ltr'>docent,</span> <span class='ocrx_word' id='word_1_247' title='bbox 688 2580 788 2631; x_wconf 83' lang='lat' dir='ltr'>reterri</span> <span class='ocrx_word' id='word_1_248' title='bbox 807 2581 920 2630; x_wconf 87' lang='lat' dir='ltr'>verbnm</span> <span class='ocrx_word' id='word_1_249' title='bbox 936 2582 1031 2646; x_wconf 77' lang='lat' dir='ltr'>cepit:</span> <span class='ocrx_word' id='word_1_250' title='bbox 1045 2581 1088 2631; x_wconf 87' lang='lat' dir='ltr'>sin</span> <span class='ocrx_word' id='word_1_251' title='bbox 1109 2585 1142 2632; x_wconf 86' lang='lat' dir='ltr'>dc</span> <span class='ocrx_word' id='word_1_252' title='bbox 1157 2586 1211 2633; x_wconf 86' lang='lat' dir='ltr'>ad-</span> 
     </span>
     <span class='ocr_line' id='line_1_31' title="bbox 112 2642 1211 2719; baseline 0.005 -20"><span class='ocrx_word' id='word_1_253' title='bbox 112 2706 117 2719; x_wconf 53' lang='grc'><strong>,</strong></span> <span class='ocrx_word' id='word_1_254' title='bbox 154 2659 192 2704; x_wconf 77' lang='lat' dir='ltr'>at.</span> <span class='ocrx_word' id='word_1_255' title='bbox 232 2649 276 2702; x_wconf 81' lang='lat' dir='ltr'>ci.</span> <span class='ocrx_word' id='word_1_256' title='bbox 292 2651 325 2714; x_wconf 86' lang='lat' dir='ltr'>c,</span> <span class='ocrx_word' id='word_1_257' title='bbox 343 2649 378 2699; x_wconf 80' lang='lat'>23</span> <span class='ocrx_word' id='word_1_258' title='bbox 397 2646 423 2706; x_wconf 77' lang='lat' dir='ltr'>S.</span> <span class='ocrx_word' id='word_1_259' title='bbox 441 2642 460 2696; x_wconf 81' lang='lat' dir='ltr'>l</span> <span class='ocrx_word' id='word_1_260' title='bbox 477 2648 510 2697; x_wconf 87' lang='lat' dir='ltr'>de</span> <span class='ocrx_word' id='word_1_261' title='bbox 530 2648 645 2700; x_wconf 82' lang='lat' dir='ltr'>Germa·</span> <span class='ocrx_word' id='word_1_262' title='bbox 687 2647 827 2714; x_wconf 82' lang='lat' dir='ltr'>ducendis,</span> <span class='ocrx_word' id='word_1_263' title='bbox 841 2649 1003 2701; x_wconf 76' lang='lat' dir='ltr'>dubitantes</span> <span class='ocrx_word' id='word_1_264' title='bbox 1017 2654 1097 2702; x_wconf 90' lang='lat' dir='ltr'>eruut</span> <span class='ocrx_word' id='word_1_265' title='bbox 1113 2652 1211 2704; x_wconf 89' lang='lat' dir='ltr'>venire</span> 
     </span>
    </p>

    <p class='ocr_par' dir='ltr' id='par_1_15' title="bbox 119 2715 1209 2856">
     <span class='ocr_line' id='line_1_32' title="bbox 158 2715 1209 2788; baseline 0 -17"><span class='ocrx_word' id='word_1_266' title='bbox 158 2734 216 2771; x_wconf 88' lang='lat' dir='ltr'>rum</span> <span class='ocrx_word' id='word_1_267' title='bbox 245 2717 464 2782; x_wconf 83' lang='lat' dir='ltr'>magistratibus,</span> <span class='ocrx_word' id='word_1_268' title='bbox 497 2715 548 2779; x_wconf 80' lang='lat' dir='ltr'>qai</span> <span class='ocrx_word' id='word_1_269' title='bbox 573 2717 644 2768; x_wconf 83' lang='lat' dir='ltr'>belle</span> <span class='ocrx_word' id='word_1_270' title='bbox 688 2721 847 2769; x_wconf 80' lang='lat' dir='ltr'>cunctantes</span> <span class='ocrx_word' id='word_1_271' title='bbox 872 2722 901 2769; x_wconf 93' lang='lat' dir='ltr'>et</span> <span class='ocrx_word' id='word_1_272' title='bbox 927 2720 1028 2770; x_wconf 90' lang='lat' dir='ltr'>lentius</span> <span class='ocrx_word' id='word_1_273' title='bbox 1054 2721 1209 2788; x_wconf 87' lang='lat' dir='ltr'>venientes,</span> 
     </span>
     <span class='ocr_line' id='line_1_33' title="bbox 119 2784 1209 2856; baseline 0.002 -15"><span class='ocrx_word' id='word_1_274' title='bbox 119 2788 269 2856; x_wconf 82' lang='lat' dir='ltr'>praesint,</span> <span class='ocrx_word' id='word_1_275' title='bbox 290 2789 323 2838; x_wconf 85' lang='lat' dir='ltr'>at</span> <span class='ocrx_word' id='word_1_276' title='bbox 341 2785 421 2837; x_wconf 84' lang='lat' dir='ltr'>vitae</span> <span class='ocrx_word' id='word_1_277' title='bbox 438 2784 574 2852; x_wconf 82' lang='lat' dir='ltr'>necisque</span> <span class='ocrx_word' id='word_1_278' title='bbox 591 2785 645 2837; x_wconf 84' lang='lat' dir='ltr'>ba·</span> <span class='ocrx_word' id='word_1_279' title='bbox 687 2789 722 2837; x_wconf 90' lang='lat' dir='ltr'>ad</span> <span class='ocrx_word' id='word_1_280' title='bbox 740 2800 839 2849; x_wconf 81' lang='lat' dir='ltr'>eosque</span> <span class='ocrx_word' id='word_1_281' title='bbox 857 2787 926 2839; x_wconf 83' lang='lat' dir='ltr'>satis</span> <span class='ocrx_word' id='word_1_282' title='bbox 941 2798 1032 2851; x_wconf 88' lang='lat' dir='ltr'>aptum</span> <span class='ocrx_word' id='word_1_283' title='bbox 1046 2798 1091 2839; x_wconf 87' lang='lat' dir='ltr'>est</span> <span class='ocrx_word' id='word_1_284' title='bbox 1105 2803 1209 2856; x_wconf 76' lang='lat' dir='ltr'>cepere</span> 
     </span>
    </p>
   </div>
   <div class='ocr_carea' id='block_1_7' title="bbox 34 2857 1209 2923">
    <p class='ocr_par' dir='ltr' id='par_1_16' title="bbox 34 2857 1209 2923">
     <span class='ocr_line' id='line_1_34' title="bbox 34 2857 1209 2923; baseline 0 -12"><span class='ocrx_word' id='word_1_285' title='bbox 34 2860 37 2873; x_wconf 73' lang='lat'>‘</span> <span class='ocrx_word' id='word_1_286' title='bbox 76 2902 80 2916; x_wconf 89' lang='lat'><em>.</em></span> <span class='ocrx_word' id='word_1_287' title='bbox 119 2860 204 2913; x_wconf 81' lang='lat' dir='ltr'>beant</span> <span class='ocrx_word' id='word_1_288' title='bbox 220 2858 403 2922; x_wconf 84' lang='lat' dir='ltr'>patestatem.</span> <span class='ocrx_word' id='word_1_289' title='bbox 686 2858 818 2921; x_wconf 86' lang='lat' dir='ltr'>verbum,</span> <span class='ocrx_word' id='word_1_290' title='bbox 835 2857 924 2908; x_wconf 89' lang='lat' dir='ltr'>minus</span> <span class='ocrx_word' id='word_1_291' title='bbox 940 2861 1033 2920; x_wconf 88' lang='lat' dir='ltr'>aptum</span> <span class='ocrx_word' id='word_1_292' title='bbox 1053 2873 1121 2911; x_wconf 87' lang='lat' dir='ltr'>vero</span> <span class='ocrx_word' id='word_1_293' title='bbox 1138 2863 1209 2923; x_wconf 86' lang='lat' dir='ltr'>quod</span> 
     </span>
    </p>
   </div>
   <div class='ocr_carea' id='block_1_8' title="bbox 46 2922 1211 3684">
    <p class='ocr_par' dir='ltr' id='par_1_17' title="bbox 46 2922 1211 3684">
     <span class='ocr_line' id='line_1_35' title="bbox 171 2922 1209 2987; baseline 0 -8"><span class='ocrx_word' id='word_1_294' title='bbox 171 2927 321 2987; x_wconf 85' lang='lat' dir='ltr'>armorum]</span> <span class='ocrx_word' id='word_1_295' title='bbox 346 2925 423 2987; x_wconf 80' lang='lat' dir='ltr'>llaec</span> <span class='ocrx_word' id='word_1_296' title='bbox 443 2922 550 2986; x_wconf 81' lang='lat' dir='ltr'>proprie</span> <span class='ocrx_word' id='word_1_297' title='bbox 569 2924 643 2977; x_wconf 88' lang='lat' dir='ltr'>dicta</span> <span class='ocrx_word' id='word_1_298' title='bbox 686 2928 719 2976; x_wconf 87' lang='lat' dir='ltr'>de</span> <span class='ocrx_word' id='word_1_299' title='bbox 745 2926 893 2977; x_wconf 89' lang='lat' dir='ltr'>maioribus</span> <span class='ocrx_word' id='word_1_300' title='bbox 918 2930 947 2976; x_wconf 90' lang='lat' dir='ltr'>et</span> <span class='ocrx_word' id='word_1_301' title='bbox 964 2927 1116 2978; x_wconf 90' lang='lat' dir='ltr'>levioribus</span> <span class='ocrx_word' id='word_1_302' title='bbox 1133 2930 1209 2980; x_wconf 88' lang='lat' dir='ltr'>dell-</span> 
     </span>
     <span class='ocr_line' id='line_1_36' title="bbox 117 2991 1208 3063; baseline -0.002 -13"><span class='ocrx_word' id='word_1_303' title='bbox 117 3010 205 3063; x_wconf 84' lang='lat' dir='ltr'>nequa</span> <span class='ocrx_word' id='word_1_304' title='bbox 237 2998 270 3046; x_wconf 90' lang='lat' dir='ltr'>de</span> <span class='ocrx_word' id='word_1_305' title='bbox 301 2991 415 3044; x_wconf 89' lang='lat' dir='ltr'>armatis</span> <span class='ocrx_word' id='word_1_306' title='bbox 440 2993 643 3055; x_wconf 84' lang='lat' dir='ltr'>interpretanda</span> <span class='ocrx_word' id='word_1_307' title='bbox 685 2994 739 3046; x_wconf 90' lang='lat' dir='ltr'>ctis</span> <span class='ocrx_word' id='word_1_308' title='bbox 756 2995 866 3056; x_wconf 82' lang='lat' dir='ltr'>dicitur,</span> <span class='ocrx_word' id='word_1_309' title='bbox 885 3005 955 3060; x_wconf 73' lang='lat' dir='ltr'>puae</span> <span class='ocrx_word' id='word_1_310' title='bbox 972 2996 1208 3057; x_wconf 74' lang='lat' dir='ltr'>pulsaverissime</span> 
     </span>
     <span class='ocr_line' id='line_1_37' title="bbox 117 3061 1208 3133; baseline -0.002 -15"><span class='ocrx_word' id='word_1_311' title='bbox 117 3075 197 3128; x_wconf 86' lang='lat' dir='ltr'>sunt,</span> <span class='ocrx_word' id='word_1_312' title='bbox 221 3067 255 3115; x_wconf 91' lang='lat' dir='ltr'>dc</span> <span class='ocrx_word' id='word_1_313' title='bbox 272 3063 369 3128; x_wconf 82' lang='lat' dir='ltr'>quibus</span> <span class='ocrx_word' id='word_1_314' title='bbox 386 3061 524 3127; x_wconf 82' lang='lat' dir='ltr'>cogitasse</span> <span class='ocrx_word' id='word_1_315' title='bbox 542 3065 639 3115; x_wconf 87' lang='lat' dir='ltr'>viden·</span> <span class='ocrx_word' id='word_1_316' title='bbox 684 3064 772 3127; x_wconf 90' lang='lat' dir='ltr'>puniri</span> <span class='ocrx_word' id='word_1_317' title='bbox 795 3079 812 3114; x_wconf 88' lang='lat' dir='ltr'>a</span> <span class='ocrx_word' id='word_1_318' title='bbox 832 3061 1054 3128; x_wconf 85' lang='lat' dir='ltr'>Vercingetorige</span> <span class='ocrx_word' id='word_1_319' title='bbox 1071 3065 1208 3133; x_wconf 82' lang='lat' dir='ltr'>viderent,</span> 
     </span>
     <span class='ocr_line' id='line_1_38' title="bbox 109 3130 1211 3200; baseline -0.005 -11"><span class='ocrx_word' id='word_1_320' title='bbox 109 3140 162 3188; x_wconf 84' lang='lat' dir='ltr'>tur</span> <span class='ocrx_word' id='word_1_321' title='bbox 179 3134 225 3200; x_wconf 84' lang='lat' dir='ltr'>qui</span> <span class='ocrx_word' id='word_1_322' title='bbox 242 3145 291 3196; x_wconf 90' lang='lat' dir='ltr'>pro</span> <span class='ocrx_word' id='word_1_323' title='bbox 308 3130 420 3199; x_wconf 72' lang='lat' dir='ltr'>efficta</span> <span class='ocrx_word' id='word_1_324' title='bbox 433 3132 520 3195; x_wconf 85' lang='lat' dir='ltr'>magis</span> <span class='ocrx_word' id='word_1_325' title='bbox 532 3135 640 3195; x_wconf 88' lang='lat' dir='ltr'>proprie</span> <span class='ocrx_word' id='word_1_326' title='bbox 683 3133 818 3184; x_wconf 84' lang='lat' dir='ltr'>retardari</span> <span class='ocrx_word' id='word_1_327' title='bbox 832 3133 921 3192; x_wconf 89' lang='lat' dir='ltr'>potius</span> <span class='ocrx_word' id='word_1_328' title='bbox 929 3136 958 3190; x_wconf 85' lang='lat' dir='ltr'>et</span> <span class='ocrx_word' id='word_1_329' title='bbox 966 3134 1110 3199; x_wconf 88' lang='lat' dir='ltr'>deterreri,</span> <span class='ocrx_word' id='word_1_330' title='bbox 1125 3149 1211 3200; x_wconf 82' lang='lat' dir='ltr'>quam</span> 
     </span>
     <span class='ocr_line' id='line_1_39' title="bbox 82 3198 1207 3272; baseline -0.003 -14"><span class='ocrx_word' id='word_1_331' title='bbox 82 3259 87 3267; x_wconf 21' lang='lat' dir='ltr'>x</span> <span class='ocrx_word' id='word_1_332' title='bbox 116 3207 259 3259; x_wconf 92' lang='lat' dir='ltr'>dicendum</span> <span class='ocrx_word' id='word_1_333' title='bbox 269 3203 356 3253; x_wconf 83' lang='lat' dir='ltr'>tuisse</span> <span class='ocrx_word' id='word_1_334' title='bbox 364 3198 504 3266; x_wconf 80' lang='lat' dir='ltr'>conficiat,</span> <span class='ocrx_word' id='word_1_335' title='bbox 519 3210 639 3253; x_wconf 87' lang='lat' dir='ltr'>ceterum</span> <span class='ocrx_word' id='word_1_336' title='bbox 682 3201 801 3266; x_wconf 87' lang='lat' dir='ltr'>incitari,</span> <span class='ocrx_word' id='word_1_337' title='bbox 820 3203 850 3252; x_wconf 90' lang='lat' dir='ltr'>ut</span> <span class='ocrx_word' id='word_1_338' title='bbox 868 3202 903 3250; x_wconf 89' lang='lat' dir='ltr'>ad</span> <span class='ocrx_word' id='word_1_339' title='bbox 920 3211 980 3251; x_wconf 87' lang='lat' dir='ltr'>eum</span> <span class='ocrx_word' id='word_1_340' title='bbox 993 3212 1023 3248; x_wconf 89' lang='lat' dir='ltr'>se</span> <span class='ocrx_word' id='word_1_341' title='bbox 1038 3207 1207 3272; x_wconf 82' lang='lat' dir='ltr'>conterrent,</span> 
     </span>
     <span class='ocr_line' id='line_1_40' title="bbox 58 3271 1207 3338; baseline -0.001 -11"><span class='ocrx_word' id='word_1_342' title='bbox 58 3294 59 3298; x_wconf 44' lang='lat'>¹</span> <span class='ocrx_word' id='word_1_343' title='bbox 115 3275 253 3328; x_wconf 84' lang='lat' dir='ltr'>cobortes</span> <span class='ocrx_word' id='word_1_344' title='bbox 265 3284 369 3337; x_wconf 83' lang='lat' dir='ltr'>quoque</span> <span class='ocrx_word' id='word_1_345' title='bbox 383 3277 411 3319; x_wconf 87' lang='lat' dir='ltr'>et</span> <span class='ocrx_word' id='word_1_346' title='bbox 424 3271 548 3336; x_wconf 76' lang='lat' dir='ltr'>leptones</span> <span class='ocrx_word' id='word_1_347' title='bbox 561 3271 640 3338; x_wconf 75' lang='lat' dir='ltr'>effici</span> <span class='ocrx_word' id='word_1_348' title='bbox 682 3272 823 3322; x_wconf 88' lang='lat' dir='ltr'>debebant.</span> <span class='ocrx_word' id='word_1_349' title='bbox 865 3271 918 3320; x_wconf 75' lang='lat' dir='ltr'>sed</span> <span class='ocrx_word' id='word_1_350' title='bbox 940 3279 1045 3334; x_wconf 85' lang='lat' dir='ltr'>tamen,</span> <span class='ocrx_word' id='word_1_351' title='bbox 1076 3272 1101 3321; x_wconf 90' lang='lat' dir='ltr'>si</span> <span class='ocrx_word' id='word_1_352' title='bbox 1119 3278 1207 3327; x_wconf 87' lang='lat' dir='ltr'>semel</span> 
     </span>
     <span class='ocr_line' id='line_1_41' title="bbox 114 3337 1208 3403; baseline -0.004 -6"><span class='ocrx_word' id='word_1_353' title='bbox 114 3356 133 3397; x_wconf 83' lang='lat' dir='ltr'>a</span> <span class='ocrx_word' id='word_1_354' title='bbox 153 3338 273 3395; x_wconf 83' lang='lat' dir='ltr'>Caesare</span> <span class='ocrx_word' id='word_1_355' title='bbox 291 3340 346 3391; x_wconf 85' lang='lat' dir='ltr'>dici</span> <span class='ocrx_word' id='word_1_356' title='bbox 362 3343 530 3400; x_wconf 81' lang='lat' dir='ltr'>monuerunt.</span> <span class='ocrx_word' id='word_1_357' title='bbox 564 3341 640 3391; x_wconf 82' lang='lat' dir='ltr'>olili-</span> <span class='ocrx_word' id='word_1_358' title='bbox 681 3337 892 3403; x_wconf 83' lang='lat' dir='ltr'>perveniendum</span> <span class='ocrx_word' id='word_1_359' title='bbox 909 3338 950 3387; x_wconf 90' lang='lat' dir='ltr'>eis</span> <span class='ocrx_word' id='word_1_360' title='bbox 963 3347 1087 3402; x_wconf 78' lang='lat' dir='ltr'>eratquo</span> <span class='ocrx_word' id='word_1_361' title='bbox 1101 3353 1119 3392; x_wconf 88' lang='lat' dir='ltr'>a</span> <span class='ocrx_word' id='word_1_362' title='bbox 1132 3343 1208 3394; x_wconf 88' lang='lat' dir='ltr'>civi-</span> 
     </span>
     <span class='ocr_line' id='line_1_42' title="bbox 105 3407 1206 3480; baseline -0.002 -16"><span class='ocrx_word' id='word_1_363' title='bbox 105 3421 176 3480; x_wconf 89' lang='lat' dir='ltr'>·tes,</span> <span class='ocrx_word' id='word_1_364' title='bbox 203 3425 269 3474; x_wconf 83' lang='lat' dir='ltr'>quos</span> <span class='ocrx_word' id='word_1_365' title='bbox 285 3409 423 3462; x_wconf 83' lang='lat' dir='ltr'>celeriter</span> <span class='ocrx_word' id='word_1_366' title='bbox 440 3408 538 3459; x_wconf 87' lang='lat' dir='ltr'>adduci</span> <span class='ocrx_word' id='word_1_367' title='bbox 554 3411 588 3460; x_wconf 92' lang='lat' dir='ltr'>ad</span> <span class='ocrx_word' id='word_1_368' title='bbox 607 3422 640 3460; x_wconf 89' lang='lat' dir='ltr'>se</span> <span class='ocrx_word' id='word_1_369' title='bbox 682 3410 738 3458; x_wconf 88' lang='lat' dir='ltr'>tate</span> <span class='ocrx_word' id='word_1_370' title='bbox 758 3418 824 3458; x_wconf 70' lang='lat' dir='ltr'>&#39;sna</span> <span class='ocrx_word' id='word_1_371' title='bbox 855 3407 966 3470; x_wconf 86' lang='lat' dir='ltr'>quisque</span> <span class='ocrx_word' id='word_1_372' title='bbox 993 3408 1073 3460; x_wconf 87' lang='lat' dir='ltr'>missi</span> <span class='ocrx_word' id='word_1_373' title='bbox 1100 3422 1206 3478; x_wconf 83' lang='lat' dir='ltr'>essent,</span> 
     </span>
     <span class='ocr_line' id='line_1_43' title="bbox 114 3476 1206 3548; baseline -0.002 -14"><span class='ocrx_word' id='word_1_374' title='bbox 114 3483 236 3548; x_wconf 86' lang='lat' dir='ltr'>iubebat,</span> <span class='ocrx_word' id='word_1_375' title='bbox 255 3481 290 3531; x_wconf 93' lang='lat' dir='ltr'>ob</span> <span class='ocrx_word' id='word_1_376' title='bbox 307 3479 437 3538; x_wconf 89' lang='lat' dir='ltr'>idipsum</span> <span class='ocrx_word' id='word_1_377' title='bbox 453 3481 638 3532; x_wconf 82' lang='lat' dir='ltr'>tortassencn</span> <span class='ocrx_word' id='word_1_378' title='bbox 681 3476 783 3539; x_wconf 85' lang='lat' dir='ltr'>aliquid</span> <span class='ocrx_word' id='word_1_379' title='bbox 798 3532 802 3540; x_wconf 51' lang='grc'><em>,</em></span> <span class='ocrx_word' id='word_1_380' title='bbox 816 3478 850 3526; x_wconf 92' lang='lat' dir='ltr'>ad</span> <span class='ocrx_word' id='word_1_381' title='bbox 878 3479 1048 3529; x_wconf 88' lang='lat' dir='ltr'>celeritatem</span> <span class='ocrx_word' id='word_1_382' title='bbox 1073 3481 1152 3531; x_wconf 89' lang='lat' dir='ltr'>eundi</span> <span class='ocrx_word' id='word_1_383' title='bbox 1175 3491 1206 3532; x_wconf 87' lang='lat' dir='ltr'>et</span> 
     </span>
     <span class='ocr_line' id='line_1_44' title="bbox 46 3545 1206 3607; baseline 0 -4"><span class='ocrx_word' id='word_1_384' title='bbox 46 3602 50 3607; x_wconf 88' lang='grc'>,</span> <span class='ocrx_word' id='word_1_385' title='bbox 114 3562 208 3603; x_wconf 85' lang='lat' dir='ltr'>omnes</span> <span class='ocrx_word' id='word_1_386' title='bbox 231 3549 301 3601; x_wconf 85' lang='lat' dir='ltr'>satis</span> <span class='ocrx_word' id='word_1_387' title='bbox 318 3545 447 3600; x_wconf 87' lang='lat' dir='ltr'>instructi</span> <span class='ocrx_word' id='word_1_388' title='bbox 465 3549 550 3598; x_wconf 86' lang='lat' dir='ltr'>armis</span> <span class='ocrx_word' id='word_1_389' title='bbox 567 3561 639 3599; x_wconf 84' lang='lat' dir='ltr'>ven·</span> <span class='ocrx_word' id='word_1_390' title='bbox 653 3552 667 3572; x_wconf 52' lang='lat'>¹*</span> <span class='ocrx_word' id='word_1_391' title='bbox 680 3546 862 3607; x_wconf 88' lang='lat' dir='ltr'>deponendam</span> <span class='ocrx_word' id='word_1_392' title='bbox 870 3547 1062 3599; x_wconf 83' lang='lat' dir='ltr'>dubitationem</span> <span class='ocrx_word' id='word_1_393' title='bbox 1076 3553 1206 3603; x_wconf 88' lang='lat' dir='ltr'>momenti</span> 
     </span>
     <span class='ocr_line' id='line_1_45' title="bbox 48 3608 1206 3684; baseline -0.003 -12"><span class='ocrx_word' id='word_1_394' title='bbox 48 3608 58 3627; x_wconf 81' lang='grc'><em>”</em></span> <span class='ocrx_word' id='word_1_395' title='bbox 114 3621 291 3683; x_wconf 76' lang='lat' dir='ltr'>aurierant,</span> <span class='ocrx_word' id='word_1_396' title='bbox 324 3629 409 3682; x_wconf 86' lang='lat' dir='ltr'>eoque</span> <span class='ocrx_word' id='word_1_397' title='bbox 433 3618 501 3666; x_wconf 88' lang='lat' dir='ltr'>haec</span> <span class='ocrx_word' id='word_1_398' title='bbox 524 3617 637 3668; x_wconf 86' lang='lat' dir='ltr'>eiusde</span> <span class='ocrx_word' id='word_1_399' title='bbox 681 3613 807 3666; x_wconf 81' lang='lat' dir='ltr'>habitura</span> <span class='ocrx_word' id='word_1_400' title='bbox 824 3621 886 3666; x_wconf 89' lang='lat' dir='ltr'>erat</span> <span class='ocrx_word' id='word_1_401' title='bbox 904 3617 1040 3668; x_wconf 87' lang='lat' dir='ltr'>severitas</span> <span class='ocrx_word' id='word_1_402' title='bbox 1058 3617 1123 3684; x_wconf 85' lang='lat' dir='ltr'>illa,</span> <span class='ocrx_word' id='word_1_403' title='bbox 1149 3633 1206 3683; x_wconf 85' lang='lat' dir='ltr'>qua</span> 
     </span>
    </p>
   </div>
   <div class='ocr_carea' id='block_1_9' title="bbox 113 3683 1205 3820">
    <p class='ocr_par' dir='ltr' id='par_1_18' title="bbox 113 3683 1205 3820">
     <span class='ocr_line' id='line_1_46' title="bbox 114 3683 1205 3751; baseline 0 -12"><span class='ocrx_word' id='word_1_404' title='bbox 114 3689 200 3740; x_wconf 89' lang='lat' dir='ltr'>armis</span> <span class='ocrx_word' id='word_1_405' title='bbox 223 3687 374 3738; x_wconf 77' lang='lat' dir='ltr'>eliciendis</span> <span class='ocrx_word' id='word_1_406' title='bbox 401 3686 556 3737; x_wconf 89' lang='lat' dir='ltr'>constitutio</span> <span class='ocrx_word' id='word_1_407' title='bbox 573 3698 637 3750; x_wconf 89' lang='lat' dir='ltr'>per·</span> <span class='ocrx_word' id='word_1_408' title='bbox 680 3683 780 3751; x_wconf 72' lang='lat' dir='ltr'>orttnia¹</span> <span class='ocrx_word' id='word_1_409' title='bbox 793 3685 895 3737; x_wconf 86' lang='lat' dir='ltr'>delicta</span> <span class='ocrx_word' id='word_1_410' title='bbox 918 3686 1007 3748; x_wconf 90' lang='lat' dir='ltr'>puniri</span> <span class='ocrx_word' id='word_1_411' title='bbox 1026 3687 1062 3736; x_wconf 89' lang='lat' dir='ltr'>ab</span> <span class='ocrx_word' id='word_1_412' title='bbox 1080 3687 1205 3750; x_wconf 87' lang='lat' dir='ltr'>impera-</span> 
     </span>
     <span class='ocr_line' id='line_1_47' title="bbox 113 3751 1205 3820; baseline -0.003 -10"><span class='ocrx_word' id='word_1_413' title='bbox 113 3759 228 3810; x_wconf 87' lang='lat' dir='ltr'>tinebat.</span> <span class='ocrx_word' id='word_1_414' title='bbox 305 3785 307 3790; x_wconf 33' lang='lat'><strong>¹</strong></span> <span class='ocrx_word' id='word_1_415' title='bbox 679 3761 739 3803; x_wconf 88' lang='lat' dir='ltr'>tore</span> <span class='ocrx_word' id='word_1_416' title='bbox 758 3751 890 3808; x_wconf 81' lang='lat' dir='ltr'>viderent.</span> <span class='ocrx_word' id='word_1_417' title='bbox 925 3753 965 3804; x_wconf 83' lang='lat' dir='ltr'>Ac</span> <span class='ocrx_word' id='word_1_418' title='bbox 985 3754 1114 3808; x_wconf 88' lang='lat' dir='ltr'>civitates</span> <span class='ocrx_word' id='word_1_419' title='bbox 1132 3770 1205 3820; x_wconf 83' lang='lat' dir='ltr'>qno·</span> 
     </span>
    </p>
   </div>
   <div class='ocr_carea' id='block_1_10' title="bbox 42 3821 1204 4245">
    <p class='ocr_par' dir='ltr' id='par_1_19' title="bbox 42 3821 1203 3960">
     <span class='ocr_line' id='line_1_48' title="bbox 42 3821 1203 3892; baseline -0.005 -10"><span class='ocrx_word' id='word_1_420' title='bbox 42 3882 46 3892; x_wconf 33' lang='lat' dir='ltr'><em>f</em></span> <span class='ocrx_word' id='word_1_421' title='bbox 166 3826 194 3888; x_wconf 80' lang='lat' dir='ltr'>S.</span> <span class='ocrx_word' id='word_1_422' title='bbox 221 3826 238 3878; x_wconf 92' lang='lat'>8</span> <span class='ocrx_word' id='word_1_423' title='bbox 262 3823 414 3875; x_wconf 80' lang='lat' dir='ltr'>dubitantes</span> <span class='ocrx_word' id='word_1_424' title='bbox 443 3821 529 3886; x_wconf 85' lang='lat' dir='ltr'>cogit]</span> <span class='ocrx_word' id='word_1_425' title='bbox 560 3821 635 3873; x_wconf 81' lang='lat' dir='ltr'>Alibi</span> <span class='ocrx_word' id='word_1_426' title='bbox 677 3834 729 3885; x_wconf 85' lang='lat' dir='ltr'>qne</span> <span class='ocrx_word' id='word_1_427' title='bbox 744 3824 838 3873; x_wconf 88' lang='lat' dir='ltr'>eadem</span> <span class='ocrx_word' id='word_1_428' title='bbox 851 3824 1071 3891; x_wconf 86' lang='lat' dir='ltr'>admonebantur,</span> <span class='ocrx_word' id='word_1_429' title='bbox 1088 3838 1123 3876; x_wconf 90' lang='lat' dir='ltr'>ne</span> <span class='ocrx_word' id='word_1_430' title='bbox 1136 3840 1203 3880; x_wconf 86' lang='lat' dir='ltr'>sero</span> 
     </span>
     <span class='ocr_line' id='line_1_49' title="bbox 113 3892 1202 3960; baseline -0.002 -12"><span class='ocrx_word' id='word_1_431' title='bbox 113 3894 276 3949; x_wconf 79' lang='lat' dir='ltr'>dubitantes</span> <span class='ocrx_word' id='word_1_432' title='bbox 290 3894 309 3944; x_wconf 93' lang='lat' dir='ltr'>ii</span> <span class='ocrx_word' id='word_1_433' title='bbox 323 3901 395 3960; x_wconf 88' lang='lat' dir='ltr'>suut,</span> <span class='ocrx_word' id='word_1_434' title='bbox 412 3893 457 3954; x_wconf 83' lang='lat' dir='ltr'>qul</span> <span class='ocrx_word' id='word_1_435' title='bbox 471 3894 505 3944; x_wconf 92' lang='lat' dir='ltr'>ad</span> <span class='ocrx_word' id='word_1_436' title='bbox 521 3894 633 3942; x_wconf 89' lang='lat' dir='ltr'>senten·</span> <span class='ocrx_word' id='word_1_437' title='bbox 676 3892 816 3943; x_wconf 86' lang='lat' dir='ltr'>mitterent</span> <span class='ocrx_word' id='word_1_438' title='bbox 839 3893 946 3943; x_wconf 86' lang='lat' dir='ltr'>milites.</span> <span class='ocrx_word' id='word_1_439' title='bbox 990 3895 1085 3956; x_wconf 79' lang='lat' dir='ltr'>ltaque</span> <span class='ocrx_word' id='word_1_440' title='bbox 1109 3897 1143 3946; x_wconf 84' lang='lat' dir='ltr'>ad</span> <span class='ocrx_word' id='word_1_441' title='bbox 1167 3908 1202 3946; x_wconf 93' lang='lat' dir='ltr'>o-</span> 
     </span>
    </p>

    <p class='ocr_par' dir='ltr' id='par_1_20' title="bbox 112 3961 1203 4027">
     <span class='ocr_line' id='line_1_50' title="bbox 112 3961 1203 4027; baseline -0.009 -11"><span class='ocrx_word' id='word_1_442' title='bbox 112 3967 180 4016; x_wconf 88' lang='lat' dir='ltr'>tiam</span> <span class='ocrx_word' id='word_1_443' title='bbox 204 3963 319 4015; x_wconf 87' lang='lat' dir='ltr'>alicuius</span> <span class='ocrx_word' id='word_1_444' title='bbox 342 3966 474 4027; x_wconf 85' lang='lat' dir='ltr'>accedere</span> <span class='ocrx_word' id='word_1_445' title='bbox 501 3961 632 4015; x_wconf 84' lang='lat' dir='ltr'>dubitant.</span> <span class='ocrx_word' id='word_1_446' title='bbox 675 3974 762 4027; x_wconf 88' lang='lat' dir='ltr'>mnes,</span> <span class='ocrx_word' id='word_1_447' title='bbox 781 3974 892 4025; x_wconf 86' lang='lat' dir='ltr'>quorum</span> <span class='ocrx_word' id='word_1_448' title='bbox 909 3975 992 4024; x_wconf 85' lang='lat' dir='ltr'>opera</span> <span class='ocrx_word' id='word_1_449' title='bbox 1011 3973 1039 4014; x_wconf 86' lang='lat' dir='ltr'>ee</span> <span class='ocrx_word' id='word_1_450' title='bbox 1051 3965 1203 4015; x_wconf 70' lang='lat' dir='ltr'>obedientia</span> 
     </span>
    </p>

    <p class='ocr_par' dir='ltr' id='par_1_21' title="bbox 112 4027 1204 4100">
     <span class='ocr_line' id='line_1_51' title="bbox 112 4027 1204 4100; baseline -0.007 -14"><span class='ocrx_word' id='word_1_451' title='bbox 112 4035 156 4086; x_wconf 83' lang='lat' dir='ltr'>cf.</span> <span class='ocrx_word' id='word_1_452' title='bbox 176 4036 209 4100; x_wconf 84' lang='lat'>7,</span> <span class='ocrx_word' id='word_1_453' title='bbox 231 4036 266 4083; x_wconf 80' lang='grc'>63</span> <span class='ocrx_word' id='word_1_454' title='bbox 284 4031 309 4092; x_wconf 81' lang='lat' dir='ltr'>S.</span> <span class='ocrx_word' id='word_1_455' title='bbox 328 4035 354 4086; x_wconf 84' lang='lat' dir='ltr'>a.</span> <span class='ocrx_word' id='word_1_456' title='bbox 380 4032 413 4097; x_wconf 89' lang='lat'>8,</span> <span class='ocrx_word' id='word_1_457' title='bbox 437 4031 499 4091; x_wconf 70' lang='grc' dir='ltr'>ὃς.</span> <span class='ocrx_word' id='word_1_458' title='bbox 517 4027 544 4080; x_wconf 83' lang='grc'>4.</span> <span class='ocrx_word' id='word_1_459' title='bbox 580 4031 632 4081; x_wconf 82' lang='lat' dir='ltr'>llic</span> <span class='ocrx_word' id='word_1_460' title='bbox 674 4044 743 4094; x_wconf 85' lang='lat' dir='ltr'>opus</span> <span class='ocrx_word' id='word_1_461' title='bbox 767 4035 842 4081; x_wconf 87' lang='lat' dir='ltr'>esset</span> <span class='ocrx_word' id='word_1_462' title='bbox 859 4029 1102 4098; x_wconf 70' lang='lat' dir='ltr'>Vercingetorigi,</span> <span class='ocrx_word' id='word_1_463' title='bbox 1133 4036 1204 4086; x_wconf 74' lang='lat' dir='ltr'>haee</span> 
     </span>
    </p>

    <p class='ocr_par' dir='ltr' id='par_1_22' title="bbox 110 4099 1081 4169">
     <span class='ocr_line' id='line_1_52' title="bbox 110 4099 1081 4169; baseline -0.011 -17"><span class='ocrx_word' id='word_1_464' title='bbox 110 4115 198 4169; x_wconf 82' lang='lat' dir='ltr'>vero,</span> <span class='ocrx_word' id='word_1_465' title='bbox 227 4103 252 4154; x_wconf 91' lang='lat' dir='ltr'>si</span> <span class='ocrx_word' id='word_1_466' title='bbox 278 4113 367 4153; x_wconf 87' lang='lat' dir='ltr'>sermo</span> <span class='ocrx_word' id='word_1_467' title='bbox 391 4102 434 4150; x_wconf 89' lang='lat' dir='ltr'>cst</span> <span class='ocrx_word' id='word_1_468' title='bbox 451 4101 483 4148; x_wconf 90' lang='lat' dir='ltr'>de</span> <span class='ocrx_word' id='word_1_469' title='bbox 501 4099 632 4150; x_wconf 87' lang='lat' dir='ltr'>militibus</span> <span class='ocrx_word' id='word_1_470' title='bbox 677 4102 763 4154; x_wconf 85' lang='lat' dir='ltr'>verba</span> <span class='ocrx_word' id='word_1_471' title='bbox 781 4103 1081 4157; x_wconf 61' lang='lat' dir='ltr'>referendavjaenlu13</span> 
     </span>
    </p>

    <p class='ocr_par' dir='ltr' id='par_1_23' title="bbox 110 4168 632 4245">
     <span class='ocr_line' id='line_1_53' title="bbox 110 4168 632 4245; baseline -0.027 -14"><span class='ocrx_word' id='word_1_472' title='bbox 110 4172 168 4245; x_wconf 67' lang='lat' dir='ltr'>iam</span> <span class='ocrx_word' id='word_1_473' title='bbox 185 4171 325 4238; x_wconf 83' lang='lat' dir='ltr'>adductis,</span> <span class='ocrx_word' id='word_1_474' title='bbox 342 4168 458 4236; x_wconf 81' lang='lat' dir='ltr'>cogitari</span> <span class='ocrx_word' id='word_1_475' title='bbox 471 4168 580 4222; x_wconf 86' lang='lat' dir='ltr'>debebit</span> <span class='ocrx_word' id='word_1_476' title='bbox 597 4169 632 4222; x_wconf 89' lang='lat' dir='ltr'>de</span> 
     </span>
    </p>
   </div>
   <div class='ocr_carea' id='block_1_11' title="bbox 0 0 1354 4726">
    <p class='ocr_par' dir='ltr' id='par_1_24' title="bbox 0 0 1354 4726">
     <span class='ocr_line' id='line_1_54' title="bbox 0 0 1354 4726; baseline 0 6"><span class='ocrx_word' id='word_1_477' title='bbox 0 0 1354 4726; x_wconf 95' lang='lat' dir='ltr'> </span> 
     </span>
    </p>
   </div>
  </div>
 </body>
</html>
