2700 4726
442 286 546 360 ιιι.
570 284 653 361 vu.
695 286 818 363 cnr.
840 293 885 364 ιι
1133 272 1209 372 ιιι

116 473 272 546 Haeduis
301 482 402 566 atque
432 497 547 546 eurum
577 446 760 547 clientibus
788 477 1003 568 Segusianie,
1033 483 1202 556 Ambiua·
1297 488 1327 541 J

150 667 306 733 allisque‘i
343 671 403 721 cod.
428 671 520 732 etepb.
544 672 637 723 lirant
663 671 741 724 carr.
765 671 824 721 cod.
848 672 927 725 l'urr.
950 674 1034 725 Voss.
1058 678 1093 727 A.
1123 679 1203 745 ltgm.

151 739 224 789 Gott.
243 742 311 791 ιον.
329 740 380 790 Lb.
401 740 486 790 Coull.
503 742 587 805 Bong.
606 744 639 791 A.
666 742 729 794 Par.
748 742 781 788 A.
800 741 888 791 Haen.
912 741 972 802 (bic
994 743 1099 798 iniere
1121 750 1203 802 omit-

151 812 225 865 tens)
245 810 293 859 Dr.
313 810 368 861 AB.
387 811 467 861 Vrat.
486 809 564 860 Alio.
585 811 664 861 (ioth.
680 812 711 859 it.
729 809 824 861 Hamb.
847 806 905 875 (bic
923 813 1028 877 farm.)
1048 816 1101 867 Gn.
1119 818 1202 875 Vlud.
1293 846 1298 867 .

149 873 291 929 ueneni.
315 880 375 931 edd.
400 886 465 929 aute
481 879 543 929 Aid.
562 880 602 929 st.
621 892 714 945 margo
732 878 818 945 vaso.
836 890 894 929 sec.
918 882 1013 933 lirant.
1036 887 1084 944 (m.
1103 885 1203 954 breti.)

149 941 600 1068 {itiibiiittiiiiibiii·
616 947 1202 1084 ..nu²”ii‘t”ntnnn⁶titiz

150 1085 285 1147 (victoria
301 1089 399 1148 posse)
423 1088 457 1136 de
481 1085 532 1152 lis,
559 1085 604 1148 uui
621 1087 783 1138 frumentari
801 1091 931 1151 possunt,
958 1091 1003 1140 vel
1020 1100 1050 1142 ut
1068 1093 1202 1158 duputa-

149 1154 276 1221 tionem,
298 1154 509 1221 quaestionem,
525 1156 662 1207 dilectum
678 1156 783 1208 babere
800 1158 834 1207 de
851 1157 906 1222 iis,
925 1159 970 1221 qui
989 1160 1201 1232 trumentantur,

148 1224 204 1275 dici
229 1224 353 1285 potuisse
378 1226 502 1289 videtur3
528 1227 576 1277 ιιι
595 1226 685 1277 Gallis
703 1227 846 1276 Gallorum
864 1228 892 1276 et
910 1227 1057 1282 amicorum
1079 1231 1107 1284 in
1123 1234 1201 1298 agris

149 1306 197 1344 res
217 1293 401 1346 frumentaria
418 1295 640 1346 subvectionibus
665 1303 692 1345 es
717 1295 974 1359 comportationibus
998 1301 1132 1353 sociorum
1150 1315 1201 1352 ex-

147 1363 298 1426 pedienda,
318 1377 387 1429 non,
410 1373 438 1413 ut
454 1365 604 1431 Humanis,
620 1366 833 1429 frumentatione
850 1368 975 1419 utendum
995 1372 1037 1430 et,
1058 1371 1083 1420 si
1100 1376 1201 1440 tamen,

148 1433 293 1482 multitudo
320 1433 453 1484 bominum
478 1433 631 1484 adiumento
654 1432 764 1499 potins,
789 1447 866 1497 quam
892 1437 1082 1499 impedimento
1107 1441 1202 1494 lutura

148 1506 216 1553 erut.
243 1502 342 1553 lisdem
361 1515 429 1565 vero
446 1504 478 1553 de
497 1503 588 1553 causis
603 1502 785 1567 scaligerum
803 1517 907 1568 qnoque
923 1507 1004 1557 lectio
1021 1505 1202 1570 improbanda

147 1579 176 1620 ιι
194 1572 365 1622 restituenda
382 1571 482 1622 Aldina
506 1581 550 1622 est
566 1576 648 1625 etlam
667 1570 855 1633 oudendorplo
874 1576 987 1634 probata
1004 1585 1032 1626 et
1056 1589 1074 1628 a
1092 1580 1201 1632 Mneblo

146 1647 174 1689 et
193 1641 331 1705 Herzogio
350 1643 378 1690 et
398 1642 525 1692 Diibnero
542 1645 671 1704 recepta,
697 1653 768 1704 quae
786 1643 847 1703 pari
863 1645 923 1692 iere
940 1645 1060 1697 codicum
1079 1647 1201 1698 auctori·
1298 1702 1301 1713 ‚

148 1718 205 1759 tate
223 1710 317 1760 nititur
334 1715 362 1759 et
379 1709 508 1774 facilius,
533 1724 611 1773 quam
631 1712 811 1774 scaligeraua
829 1713 964 1775 corrumpi
987 1713 1014 1764 in
1031 1716 1202 1781 frumente-

146 1780 254 1831 tionem
270 1781 367 1841 potuit.
402 1780 557 1830 Frumenti
574 1780 720 1830 rationem
737 1778 859 1844 babere,
887 1779 996 1844 proprie
1011 1785 1095 1835 animi
1112 1786 1202 1838 actio-

146 1861 208 1898 nem
225 1857 253 1897 et
270 1848 515 1905 considerationem
533 1849 567 1900 ad
587 1848 750 1898 frumentum
771 1849 950 1910 pertinentem
968 1851 1146 1921 significans,
1170 1862 1201 1907 ut

146 1916 309 1980 prouidere
328 1918 511 1984 frumentum
536 1912 586 1983 (t,
605 1918 640 1966 29
658 1917 686 1975 S.
703 1915 737 1974 4)
762 1920 790 1964 et
806 1919 927 1967 nostrum
950 1917 993 1984 iiic
1014 1922 1131 1978 &intiba
1149 1923 1201 1990 iet:
1274 1968 1277 1973 .

145 2000 191 2053 gen
214 1989 237 2035 b.
259 1988 276 2035 ι.
298 1995 395 2047 ecquo
413 1986 481 2040 (iud.
500 1998 567 2035 usus
586 1995 648 2048 est,
672 1987 706 2049 8,
725 1980 761 2032 at
778 1985 805 2054 §.
824 1986 856 2048 1,
882 1987 928 2036 ubi
947 1987 1094 2044 Lucterius
1111 1993 1202 2042 Vxel-

146 2058 313 2105 lodunenses
331 2056 473 2121 frumenti
483 2055 627 2105 rationem
640 2066 702 2105 esse
715 2052 870 2104 iubendum
887 2059 994 2120 monet,
1012 2059 1046 2107 ad
1059 2071 1093 2109 ea
1106 2062 1202 2111 traus-

150 2125 235 2175 iatum
255 2133 315 2189 est,
338 2134 408 2189 quae
424 2125 571 2173 secundum
590 2123 665 2172 illam
684 2123 819 2172 actionem
834 2122 964 2174 iacienda
978 2133 1042 2175 sunt
1057 2132 1085 2178 et
1103 2128 1182 2179 dunt.

180 2207 208 2268 8.
225 2210 251 2259 2.
271 2205 443 2328 Segusiauisg
459 2208 624 2260 §censionis
641 2208 701 2257 Pal.
720 2207 799 2257 Hotb.
814 2206 842 2254 b.
860 2205 899 2254 st.
923 2205 1116 2268 asseuerante
1133 2216 1199 2268 Met.

144 2276 305 2343 seputinnis
326 2279 386 2329 Her.
445 2280 464 2327 t.
482 2279 545 2328 adn.
566 2289 605 2325 cr.
623 2279 658 2326 ad
676 2289 699 2326 c.
717 2275 753 2326 64
772 2273 798 2335 S.
816 2271 842 2327 t.

180 2348 378 2406 Ambiuaretis]
402 2349 504 2411 „tiss
530 2345 585 2396 mel
610 2358 719 2409 omnes,
741 2342 931 2410 quodetiam,
955 2351 1116 2400 constanter
1137 2363 1200 2404 cum

143 2417 212 2471 Hdd.
231 2415 352 2478 primis“
371 2417 428 2465 Pet.
446 2417 530 2466 Voss.
549 2417 582 2464 A.
605 2416 681 2474 Ham.
699 2414 774 2466 tinto.
792 2414 860 2462 bun.
878 2414 946 2465 Lbb.
965 2415 1049 2466 conti.
1068 2420 1200 2482 nouus.

144 2484 209 2535 Par.
223 2487 256 2533 A.
277 2484 324 2535 Dr.
336 2487 393 2536 Ab.
411 2486 492 2535 Vrat.
508 2484 584 2533 AHc.
608 2484 687 2534 Gotb.
704 2485 733 2534 ιι.
751 2481 847 2535 Humb.
866 2482 918 2533 Gu-
938 2483 1019 2538 vind.
1034 2485 1102 2538 clii.
1121 2489 1200 2542 Rom.

145 2566 171 2604 a.
197 2555 267 2603 Med.
288 2565 313 2603 a.
344 2550 411 2604 Ven.
431 2554 467 2604 bi.
492 2555 552 2606 iter.
580 2551 771 2603 Arrioniuretis
788 2554 816 2600 S.
843 2552 1048 2615 sctnbluurctit
1063 2557 1147 2609 Vind.
1164 2555 1200 2609 A.

143 2623 318 2674 seminaretis
336 2624 408 2672 Hav.
428 2627 460 2675 A.
489 2622 674 2674 umbiuctetit
690 2621 772 2672 vind.
794 2621 824 2669 li.
855 2621 1028 2674 ιιιιιιιιαιιιι
1046 2626 1119 2676 ven.
1137 2629 1198 2678 cde.
1301 2632 1303 2637 '

145 2692 348 2745 Atnbruuretia
367 2692 429 2742 sto.
446 2702 472 2743 e.
491 2690 539 2741 Gr.
560 2693 603 2743 ab.
629 2692 714 2741 lircil.
747 2687 935 2742 Ambivaritis
954 2693 1042 2744 Puim.
1064 2694 1200 2749 Διιιιυα·

145 2761 221 2812 retis
239 2764 279 2810 st.
296 2762 371 2821 Lips.
388 2761 428 2811 lu.
447 2772 505 2823 sqq.
525 2751 738 2826 Ἀμβιβαριιοιι
756 2760 820 2807 litet.
841 2759 1034 2813 Ambiunt-etis
1048 2764 1122 2814 ιιιιιι
1139 2778 1199 2818 ιιι.

146 2831 285 2883 vossium.
320 2826 616 2892 eminentiorem,
635 2835 665 2877 nt
685 2827 809 2890 videtur,
831 2828 860 2876 Ρ.
879 2831 952 2881 blan.
971 2832 1032 2880 Ald.
1054 2833 1078 2880 b.
1101 2833 1200 2886 umba-

145 2901 220 2951 retia
238 2901 324 2950 Haen.
357 2897 522 2960 Aminneis,
548 2904 578 2946 nt
601 2896 777 2946 coniecerunt
801 2895 955 2947 Glareanus
980 2906 1008 2947 ιι
1025 2898 1199 2970 ciacconius,

143 2981 240 3032 margo
263 2969 347 3019 lirell.
379 2966 532 3018 Ambarrtt
554 2965 593 3015 al.
617 2977 674 3016 sec.
700 2964 769 3014 (iud.
806 2965 863 3014 Hos
887 2967 1060 3019 Haeduorum
1082 2971 1199 3024 clientes

145 3039 269 3089 Vkertus
288 3038 361 3088 Heli.
387 3050 414 3099 p.
433 3039 485 3087 ³22
511 3035 620 3086 eosdem
644 3045 708 3083 esse
728 3035 853 3084 statuens
875 3043 958 3099 atque
976 3035 1057 3102 illos,
1083 3039 1111 3089 in
1129 3051 1198 3103 quos
1263 3078 1267 3087 .

67 3148 70 3153 .
145 3107 219 3158 iutra
237 3121 260 3158 c.
275 3108 312 3156 90
328 3106 356 3167 S.
375 3109 393 3157 6
410 3104 440 3157 G.
460 3103 597 3156 Antistius
613 3115 673 3153 cum
691 3102 799 3166 legione
816 3102 888 3153 mitti
904 3103 1054 3156 accesere
1071 3108 1198 3176 traditur,

145 3181 260 3240 utroque
279 3179 339 3226 loco
357 3175 521 3237 scripturam
540 3174 710 3235 astepbano
727 3169 875 3222 exhibitam
892 3181 921 3223 ιι
937 3173 1062 3236 abipsio
1079 3190 1198 3241 sequen-

143 3245 272 3310 tibusque
292 3246 441 3297 editoribus
462 3242 603 3297 servatam
623 3241 709 3291 tenuit
723 3243 753 3290 et
771 3240 973 3295 Ambiuaretos
995 3248 1197 3309 naeptentriu.

162 3415 228 3479 cap.
247 3413 295 3469 75.
319 3414 346 3476 s.
366 3417 383 3464 2
406 3410 564 3480 clientibus]
594 3411 636 3462 lle
678 3423 732 3463 nnn
748 3409 871 3477 lougius,
897 3425 977 3476 quam
994 3415 1197 3478 segusiamse

111 3485 222 3549 populis
241 3484 387 3536 clientibus
404 3485 440 3534 ci.
454 3486 489 3536 ad
503 3482 566 3547 1,t
582 3481 635 3545 §.2
677 3480 778 3531 bulbus
800 3482 972 3533 Haeduorum
990 3484 1106 3545 ciuisse,
1141 3490 1197 3542 pa.

110 3552 262 3616 adscripta.
296 3555 482 3607 Hotomannus
503 3555 529 3602 b.
550 3554 568 3603 l.
589 3551 635 3603 ci-
677 3563 738 3602 men
767 3547 932 3615 significatio
961 3551 1020 3603 elus
1048 3554 1092 3606 rei
1120 3560 1197 3611 uuila

112 3623 187 3677 cinit
210 3634 246 3674 ac
264 3621 396 3686 tiaitimis
421 3621 634 3672 subaudiendum
677 3621 705 3674 b.
721 3619 741 3671 l.
756 3623 862 3686 exstet,
878 3632 966 3684 neque
983 3621 1025 3687 id,
1046 3625 1115 3686 quod
1131 3627 1196 3681 Hot.

110 3692 193 3756 dicit,
220 3693 284 3754 quia
304 3694 375 3743 allos
392 3692 476 3741 multo
494 3692 587 3753 plores
605 3689 634 3740 iu
675 3689 805 3755 putabat,
846 3687 1006 3741 audiendum
1042 3692 1197 3757 rebupuere

109 3762 282 3817 Haeduorum
296 3761 349 3812 fide
361 3763 388 3812 et
402 3760 531 3811 clientela
545 3759 633 3811 tuisse
677 3758 792 3820 scriptor
814 3757 918 3824 potuit,
952 3762 1002 3810 eed
1026 3759 1099 3813 inter
1121 3766 1196 3817 Hae·

109 3831 178 3883 alibi
198 3831 409 3883 demonstratum
435 3829 480 3883 sit.
522 3829 554 3880 ld
571 3841 633 3881 cnm
675 3828 789 3879 duorum
810 3826 924 3879 clientes
941 3829 983 3879 bis
1000 3834 1125 3893 quattuor
1140 3847 1196 3887 uon

111 3900 176 3950 aliis
192 3899 271 3964 locis,
290 3908 347 3950 tum
363 3903 392 3964 6,
411 3896 444 3950 12
461 3899 633 3962 factumest,
675 3895 846 3963 singulatim,
870 3898 922 3947 sed
945 3898 1023 3962 quasi
1044 3902 1197 3957 accessioni

111 3974 139 4020 et
155 3973 190 4033 6,
208 3967 226 4018 t
242 3968 270 4029 S.
287 3973 304 4018 ι
321 3971 443 4021 senones
461 3979 564 4031 quoque
581 3979 634 4017 au·
677 3965 786 4016 illorum
817 3964 918 4016 milites
953 3967 1101 4032 imperatos
1135 3986 1198 4027 esse

111 4039 227 4102 tiquitus
255 4038 284 4088 in
302 4039 473 4089 Haeduorum
497 4035 552 4086 lide
570 4047 635 4087 esee
677 4032 753 4088 dicit.
787 4034 883 4099 ltaque
900 4047 1004 4091 comma
1023 4042 1088 4104 post
1109 4042 1199 4096 ιιιιη-

112 4112 262 4160 trodnutur.
299 4109 394 4170 Neque
413 4119 431 4159 a
449 4116 516 4155 vero
533 4105 635 4156 ablior-
678 4102 754 4158 anua
770 4105 878 4159 sustuli.

110 4187 155 4229 ret
172 4176 366 4232 Ambiuaretos
381 4180 412 4228 et
429 4175 550 4242 mipace
565 4175 635 4227 daos

908 4232 995 4311 37*
