2700 4726
274 70 385 248 er.

196 278 264 349 elo
459 271 532 353 nn
558 214 1028 353 nonno-unedrco

133 482 147 509 ⁶
207 462 407 551 reliquerat,
428 461 543 551 copias
564 462 739 550 equitatus
759 461 1000 551 peditatusque
1021 456 1175 527 subsidio
1197 456 1301 525 Bitu·

164 564 186 630 4
207 553 339 637 rigibus
350 552 513 620 mittunt.
557 549 627 638 Qui
650 574 725 617 cnm
748 548 791 616 ad
809 552 932 615 flumen
950 549 1100 635 Ligerim
1116 546 1301 628 venissent,

208 639 300 728 quod
322 639 498 727 Bituriges
521 638 563 702 ab
582 638 738 706 Haeduis
762 637 894 718 dividit,
915 660 1040 723 pancos
1064 636 1138 713 dies
1160 635 1209 700 ibi
1229 657 1300 700 mo-

208 730 279 795 rati
316 749 424 814 neque
459 727 582 794 flumen
621 727 770 793 transire
810 728 885 793 ausi
915 725 1049 791 domum
1081 731 1301 790 revertuntur

167 815 400 902 5legatisque
431 815 559 880 nostris
594 816 791 880 renuntiant
828 837 863 879 se
894 811 1086 898 Biturigum
1120 810 1299 897 perfidiam

209 904 337 971 veritos
359 902 552 982 revertisse,
577 903 699 987 quibus
723 902 759 967 id
781 900 915 968 consilii
939 902 1044 966 fuisse
1069 900 1298 983 cognoverint,

167 998 186 1019 ·’
208 997 259 1072 ut,
281 992 311 1055 si
333 989 456 1054 flumen
477 992 693 1070 transissent,
715 1011 781 1054 rina
805 1011 846 1055 ex
869 998 967 1076 parte
989 989 1071 1076 ipsi,
1095 991 1203 1051 altera
1228 987 1299 1052 Ar-

167 1097 188 1160 6
207 1079 303 1146 verni
326 1100 363 1142 se
385 1078 686 1145 circumsisterent.
728 1075 770 1142 ld
793 1097 874 1140 eane
897 1075 1066 1157 decanea,
1088 1097 1187 1162 quam
1203 1075 1299 1158 lega-

207 1167 255 1233 tis
277 1167 551 1253 pronuntinrnnt,
572 1186 614 1229 an
636 1163 780 1252 perfidia
803 1163 942 1228 adducti
962 1165 1116 1242 iecerint,
1136 1160 1226 1246 quod
1249 1161 1301 1226 ni-

156 1312 159 1317 .
207 1254 257 1321 llil
278 1252 376 1320 nobis
399 1259 543 1334 constat,
566 1274 632 1318 non
650 1250 786 1320 videtur
807 1272 869 1339 pro
893 1258 986 1317 certo
1009 1248 1301 1339 esseponendmn.

206 1481 211 1489 .
276 1443 304 1505 §.
322 1445 340 1493 3
357 1438 491 1502 subsidio]
508 1441 629 1494 consilio
646 1441 731 1506 reug.
749 1444 784 1494 A.

276 1513 306 1574 s.
322 1509 342 1561 4
359 1512 549 1579 revertuntur]
569 1516 764 1565 reuerterunt
777 1512 860 1564 Voss.
874 1511 904 1564 C.
922 1511 1159 1566 revertentem.
1179 1511 1205 1564 b.
1221 1506 1299 1571 Lips.

243 1582 284 1634 ln.
305 1583 354 1634 Gr.
373 1582 446 1630 Dav.
463 1583 572 1631 tacente
590 1582 674 1632 Febr.

166 1668 170 1681 *
204 1671 208 1677 ·
278 1651 304 1719 p.
323 1652 339 1702 5
358 1650 386 1699 id
405 1649 573 1715 consiliiJid
589 1649 739 1700 consilinm
758 1651 834 1713 Egm.
853 1649 932 1701 Vrat.
951 1650 985 1700 A.
1003 1648 1086 1702 Vind.
1104 1652 1138 1698 A.
1158 1647 1204 1699 Sic
1223 1647 1300 1714 5,ss

242 1721 271 1781 S.
290 1720 323 1770 5:
340 1719 373 1769 id
391 1731 452 1769 esse
468 1720 615 1770 consilinm
626 1719 772 1786 Caesonis,
788 1723 823 1772 nt
841 1727 894 1770 etc.
929 1720 970 1769 De
988 1719 1109 1783 genitivo
1126 1719 1162 1768 ci.
1182 1719 1244 1769 adn.
1263 1718 1298 1766 ad

268 1822 304 1919 ⁹§.
329 1860 347 1906 o
370 1855 591 1918 pronuntiarunt]
614 1855 843 1920 pronunciarini
866 1857 965 1923 „MSS.
990 1856 1051 1905 fere
1075 1851 1196 1906 ornnes“
1220 1856 1299 1915 Egm.

205 1956 210 1971 ·
241 1927 326 1980 Febr·
352 1927 425 1977 anet.
449 1928 515 1978 er·
539 1926 589 1978 Dr.
610 1926 640 1975 ll.
659 1933 702 1987 et,
733 1926 779 1987 qui
796 1937 866 1975 corr.
883 1937 1041 1989 pernam,
1068 1929 1102 1974 A.
1122 1919 1201 1976 Vrat.
1220 1923 1299 1973 ABG.

243 1999 325 2048 Goth.
343 1997 373 2046 B.
392 1997 475 2046 vind.
493 1989 564 2046 erl.
582 1994 635 2043 inc.
652 1994 876 2058 pronuntiarint
894 1994 951 2045 Pet.
970 1995 1055 2045 Voss.
1073 1996 1107 2043 A.
1127 1995 1203 2045 Geli.
1215 1993 1298 2043 Febr.

205 2114 207 2119 ,
240 2067 327 2129 song.
352 2062 386 2115 A.
413 2066 476 2117 Par.
503 2067 538 2114 A.
556 2063 637 2114 vind.
662 2063 715 2114 Bc.
739 2063 1002 2127 pronuntiaverint
1019 2062 1100 2113 vind.
1121 2066 1154 2114 A.
1175 2066 1245 2114 llav.
1265 2066 1298 2111 A.

242 2137 306 2188 ΕΗ).
329 2135 408 2186 [leid.
429 2138 463 2184 A.
486 2133 758 2198 pronuntiaverunt
784 2135 856 2185 liov.
881 2131 914 2182 Α.
931 2134 1000 2185 er.
1019 2133 1098 2181 cilius
1115 2132 1298 2182 testimonium

241 2205 331 2256 minos
352 2206 378 2256 il.
397 2205 416 2254 l.
436 2203 488 2252 lide
507 2202 615 2265 dignum
634 2203 752 2268 videtur,
766 2213 847 2265 quam
866 2202 925 2250 llln.
943 2201 1122 2261 Perexiguam
1143 2201 1227 2260 igitur
1246 2204 1299 2249 lra-

240 2275 290 2325 bet
306 2272 472 2322 indicativus
491 2273 690 2336 anctoritatem,
708 2271 805 2319 llamn.
822 2279 850 2319 et
867 2272 988 2320 tortasse
1000 2270 1084 2319 Vini.
1103 2272 1134 2324 l).
1152 2277 1182 2317 et
1199 2270 1299 2318 editio-

241 2354 323 2403 num;
347 2350 437 2390 tamen
458 2353 475 2391 a
493 2341 614 2390 caesare
631 2341 737 2400 positus
754 2338 868 2389 iudicari
886 2341 974 2390 debet.
1008 2339 1081 2388 Nihil
1103 2339 1173 2387 enim
1192 2350 1298 2387 canisae

143 2410 150 2426 ⁹
203 2442 208 2449 ·
242 2412 314 2472 erat,
334 2423 384 2460 cnr
400 2411 467 2475 hoc,
485 2409 555 2471 quod
574 2409 601 2457 in
620 2409 695 2458 iacto
714 2412 774 2459 erat
791 2408 920 2470 positum,
938 2421 1000 2459 curn
1018 2407 1192 2458 divnitationis
1210 2408 1298 2470 signi-

242 2479 372 2530 ficatione
396 2479 613 2544 demonstraret,
643 2490 730 2540 neque
750 2490 817 2528 vero
835 2479 870 2528 ad
888 2490 965 2527 suam
983 2478 1129 2526 scribentis
1146 2478 1296 2526 orationem

242 2549 351 2600 reterre
374 2546 444 2596 iilud
469 2554 587 2608 poterat,
619 2557 689 2608 quae
714 2547 803 2597 altera
827 2554 871 2595 est
900 2546 1066 2596 coniunctivi
1090 2547 1117 2595 in
1144 2545 1297 2603 istiusmodi

159 2630 161 2634 ⁴
205 2656 208 2663 .
242 2615 390 2675 enuntiatis
408 2614 488 2667 ratio.
523 2617 584 2666 Non
600 2617 675 2665 recte
692 2615 778 2680 igitur
790 2615 927 2669 Wllittius
945 2617 1050 2678 recepit
1062 2615 1298 2680 pronuntiarint.

190 2690 216 2763 Q
242 2685 283 2736 De
303 2698 425 2748 syncope
444 2686 481 2735 ci.
499 2687 618 2735 adncr.
636 2683 793 2751 ad5,88.
811 2690 836 2734 3.

278 2756 443 2817 ponendum]
470 2755 541 2804 And.
564 2755 614 2804 0x.
638 2753 687 2804 cn.
713 2757 740 2804 s.
766 2756 846 2808 Leid.
871 2756 904 2805 A.
925 2755 1018 2813 (Urs.)
1039 2753 1103 2805 Par.
1122 2754 1152 2801 Β.
1170 2753 1243 2805 ilav.
1262 2747 1297 2800 A.

242 2818 325 2873 Vini.
340 2826 374 2874 A.
393 2826 455 2873 Ald.
474 2838 532 2886 sqq.
550 2825 769 2887 proponendam
784 2823 883 2886 reliqui
901 2836 963 2873 cnm
983 2825 1042 2875 edd.
1064 2830 1127 2874 ante
1147 2824 1208 2872 Alo.
1226 2823 1297 2885 quod

125 2889 150 2949 J
243 2892 374 2955 Apitzius
399 2897 427 2941 et
448 2893 570 2955 plerique
593 2896 761 2943 recentiores
781 2894 985 2955 praetulerunt,
1017 2893 1114 2955 parlim
1134 2893 1204 2954 quod
1223 2903 1296 2954 pro-

241 2972 351 3024 ponere
368 2961 439 3013 idem
456 2963 494 3011 sit
511 2965 592 3023 atque
609 2963 715 3028 dicere,
735 2964 834 3025 partim
852 2965 885 3012 ob
903 2963 952 3012 illa
969 2965 996 3025 6,
1015 2962 1045 3010 tl
1066 2961 1092 3020 s.
1114 2963 1127 3009 l
1145 2975 1204 3009 non
1222 2961 1296 3010 alie-

241 3042 311 3081 nnm
324 3043 386 3081 esse
398 3033 517 3082 videtnr
533 3032 570 3082 eie
582 3030 692 3100 Galliae
703 3032 930 3094 corniculaeque
946 3031 1073 3080 moritus
1092 3031 1121 3079 et
1139 3042 1194 3093 qno
1211 3029 1298 3096 diffe-

241 3102 314 3150 rant
331 3100 384 3151 irae
403 3101 537 3152 notiones
560 3101 735 3168 intersere,
753 3113 935 3166 proponere,
954 3111 1024 3162 quae
1042 3100 1156 3148 similem
1177 3098 1316 3149 labeant

240 3168 462 3233 interrogationis
479 3172 601 3221 formem.
637 3172 788 3222 Praeterea
807 3171 907 3232 legitur
925 3171 957 3232 l,
984 3169 1020 3218 20
1039 3166 1065 3226 S.
1083 3170 1116 3216 6:
1144 3180 1217 3232 qnae
1235 3169 1297 3230 ipse

241 3237 400 3304 inteitepot,
421 3252 494 3303 qnae
512 3240 617 3290 civitas
634 3238 790 3306 qn‘erntnr,
806 3237 955 3303 prop'onit.
983 3239 1011 3300 o,
1028 3239 1047 3289 7
1065 3236 1091 3295 S.
1110 3236 1143 3286 8:
1162 3237 1231 3300 quid
1249 3238 1298 3287 sni

240 3307 283 3357 sit
300 3308 422 3374 consilii,
437 3309 585 3372 proponit.
619 3310 646 3373 7,
662 3310 697 3361 45
717 3310 743 3370 S.
763 3312 794 3359 9:
812 3307 881 3371 qnid
900 3306 1038 3370 iniqnitas
1055 3306 1112 3355 loci
1128 3304 1231 3355 itoieot
1248 3309 1295 3355 in-

240 3379 389 3443 commodi,
413 3379 562 3441 proponit.
584 3379 662 3429 ›Sed
688 3382 785 3442 ubique
811 3377 966 3426 adiunctam
992 3376 1075 3425 habet
1092 3375 1296 3447 demonstrandi

241 3448 270 3495 et
287 3458 356 3508 quae
377 3447 466 3497 minus
483 3450 549 3498 nota
568 3457 648 3514 sunt,
680 3460 715 3499 ea
733 3457 762 3497 ut
780 3449 981 3508 cognoscantur
998 3447 1027 3495 et
1046 3445 1158 3495 iudicari
1178 3446 1295 3512 possint,

241 3515 380 3568 efficiendi
399 3516 634 3584 significationem,
652 3531 732 3581 quam
747 3516 829 3567 affert
842 3515 1017 3581 praepositio,
1034 3517 1095 3567 iere
1109 3517 1138 3564 nt
1151 3514 1180 3564 in
1192 3515 1295 3564 nostris

203 3677 266 3717 cnm
284 3668 445 3732 significare
463 3672 589 3724 voluisse
608 3659 728 3723 videtur.
769 3669 918 3720 Exercitus
935 3669 1038 3733 partim
1057 3669 1087 3720 in
1104 3668 1205 3719 linibus
1224 3670 1296 3720 'ire-

204 3737 248 3786 Ex
273 3748 322 3802 eo,
352 3742 424 3800 quod
446 3741 555 3793 Haedui
574 3745 625 3793 hac
644 3744 678 3792 de
695 3755 727 3792 ra
770 3741 911 3807 virorum,
943 3742 1043 3804 partim
1067 3740 1096 3788 in
1111 3739 1295 3805 Lingonibus,

202 3805 458 3870 legatosceesaris
474 3813 612 3877 adierunt,
631 3812 728 3876 colligi
770 3812 873 3873 partim
904 3811 935 3861 in
969 3809 1124 3861 Serionious
1156 3809 1295 3859 hiemabat

202 3877 297 3938 potest
320 3881 375 3928 non
397 3880 469 3930 idem
488 3892 583 3932 omnes
602 3883 727 3932 sensisse
770 3873 968 3947 (ti,44)'neqoe
984 3881 1020 3929 ad
1033 3883 1081 3929 lios
1096 3877 1295 3929 omnesadisse

203 3947 232 3994 et
256 3947 345 3995 fuisse
369 3949 416 4010 qui
434 3951 659 4016 Vercingetorigi
677 3965 726 4002 re·
769 3950 877 4000 Haedui
894 3950 1041 4014 videntur,
1060 3950 1110 3998 sed
1135 3948 1171 3997 ad
1194 3949 1294 4010 proxi-

203 4015 268 4065 sisti
285 4017 401 4068 nollent.
768 4033 843 4084 mos,
862 4019 910 4081 qui
927 4027 1006 4068 erant
1024 4020 1054 4068 in
1069 4016 1251 4083 Lingonibus.

255 4087 291 4136 ad
313 4088 479 4149 exercitum]
513 4090 553 4142 ile
578 4089 725 4152 praeposi·
821 4089 847 4149 S.
866 4090 893 4140 7.
912 4083 1051 4154 discessu]
1069 4088 1112 4142 ci.
1129 4088 1193 4139 adli.
1212 4087 1248 4137 ad
1266 4085 1295 4153 5,

202 4149 279 4209 tione
299 4170 331 4208 v.
352 4158 414 4209 adn.
432 4170 474 4211 cr.
492 4159 580 4226 ado,
609 4159 645 4210 38
663 4157 682 4221 S
700 4162 725 4210 1.
768 4158 830 4221 ils.
846 4160 871 4207 6.

445 4456 458 4523 l
