2700 4726
437 305 541 381 uro.
565 307 647 381 vu.
693 250 908 383 cuam.
1139 314 1205 384 aas

113 490 249 580 binam,
286 493 447 565 Boiorum
472 495 652 588 oppidum,
692 519 777 587 quos
802 497 1048 566 ihi·Helvetioo
1072 499 1204 586 proelio

114 587 224 654 uictos
249 582 379 654 Caesar
398 588 634 654 oonlooaverat
652 583 874 674 Haeduisque
896 587 1120 669 adtribuerat,
1142 610 1204 673 up·
1276 598 1280 603 “

113 694 269 828 ξηςηανο
290 675 454 745 instituit.
491 679 578 779 ..¹⁰·
618 672 776 778 Magnam
799 675 880 793 haee
900 697 955 741 res
978 673 1118 780 Caesari
1139 674 1204 779 dif-
1310 738 1312 745 ,

114 760 377 938 .ἒέἷέῗέὶᾶ
394 761 1204 936 iiiiii.ittiiii.i.i¹⁰ttitt;..⁸.ifii.
1237 938 1242 945 ,

114 936 354 1027 stipendiariis
373 924 595 1002 Haeduorum
618 939 818 1023 expugnatis
841 946 961 1002 cuneta
983 935 1094 1004 Gallia
1119 936 1203 1003 dafi-

113 1031 224 1106 oeret,
245 1024 336 1112 quod
359 1026 492 1096 nullum
514 1022 631 1091 amicis
654 1026 690 1089 in
710 1046 751 1091 uo
772 1023 979 1112 praesidium
1000 1023 1142 1091 videret·

112 1113 219 1183 sitnm
244 1096 394 1194 aasesssi
420 1111 590 1181 maturius
611 1133 650 1177 ex
672 1111 823 1178 hibernis
843 1111 1014 1193 educaret,
1034 1132 1077 1178 ne
1100 1011 1267 1225 ab*

182 1299 254 1350 quos
275 1286 449 1355 ibi-viotos]
473 1289 551 1355 qnod
573 1285 750 1337 aiii-oiotor
767 1287 853 1352 Bong.
872 1289 906 1338 A.
924 1287 1001 1351 qnod
1025 1285 1203 1340 aidi-oiotos

145 1357 206 1408 Pet.
232 1359 320 1409 Voss.
342 1356 378 1408 A.
402 1359 466 1408 Par.
487 1361 520 1408 A.
542 1357 619 1422 quod
635 1356 802 1407 idi-oiotor
818 1357 906 1408 Dorv.
927 1353 1006 1407 Vrat.
1026 1359 1057 1406 c.
1072 1358 1153 1408 Goth.
1171 1358 1203 1408 Β.

145 1427 234 1478 vind.
246 1427 307 1477 DE.
324 1427 387 1477 edd.
403 1431 470 1480 aitte
482 1427 554 1478 Van.
573 1427 595 1477 f.
614 1427 690 1490 quod
706 1424 868 1476 iti-victor
880 1426 964 1477 Voss.
979 1428 1008 1475 B.
1022 1427 1056 1475 ἢ.
1068 1427 1101 1475 Ν.
1116 1428 1203 1480 voss.

145 1496 188 1548 ci.
216 1494 298 1548 cai-r.
324 1497 385 1548 cod.
402 1499 481 1561 Turr.
500 1497 549 1547 Dr.
568 1496 598 1543 B.
617 1496 699 1546 Vrat.
717 1491 751 1544 A.
768 1495 853 1547 vind.
871 1494 901 1547 0.
923 1497 994 1545 Ven.
1011 1497 1032 1550 f.
1054 1507 1125 1562 quos
1142 1495 1203 1546 ide·-

145 1567 247 1617 vietor
272 1560 341 1617 Lov.
368 1568 441 1620 cod..
453 1568 550 1617 Brant.
569 1564 667 1615 flamb.
685 1577 756 1630 quos
774 1563 925 1617 idi-eiotts
943 1565 992 1614 Dr.
1011 1568 1046 1614 A.
1061 1563 1204 1628 oppidum

143 1635 279 1686 Boiorum
303 1634 410 1686 caesar
441 1649 531 1700 neque
561 1633 615 1684 siti
646 1646 736 1696 neque
760 1633 798 1683 tos·
820 1635 977 1686 collocasse
1001 1633 1057 1683 diei
1079 1635 1202 1697 poterat,

142 1704 230 1756 Boios
245 1705 326 1767 ipsos
340 1705 389 1768 ibi,
406 1705 453 1755 uhi
470 1705 599 1768 oppidum
618 1704 689 1764 erat,
708 1701 855 1754 Helvetico
874 1703 980 1765 proelio
1000 1703 1097 1754 victor
1110 1705 1202 1754 collo-

144 1786 229 1824 casse
251 1776 363 1835 poterat
382 1775 453 1836 diei3
482 1775 532 1823 sed
550 1774 628 1824 iliam
650 1772 801 1822 victoriani
818 1785 875 1822 non
891 1775 981 1824 solum
1002 1774 1036 1822 de
1055 1773 1203 1837 Helvetiis,

143 1844 196 1894 sed
215 1843 300 1893 etiam
319 1844 352 1892 de
369 1844 455 1907 Boiis,
473 1857 530 1894 uon
550 1853 605 1891 una
623 1854 685 1890 oum
703 1842 747 1890 his
766 1842 799 1890 de
816 1841 893 1903 illis,
924 1844 1095 1905 reportatam
1114 1843 1203 1892 fuisse

144 1914 390 1964 demonstrandum
411 1915 481 1963 erat.
517 1912 616 1973 ltaque
634 1911 729 1971 optimi
747 1910 853 1961 codicis
868 1910 953 1961 leotio
970 1913 1049 1962 nulia
1067 1925 1103 1968 ex
1119 1913 1202 1974 parte

142 1981 300 2051 probabilis
319 1982 392 2032 etin
411 1982 528 2045 vulgata
545 1977 776 2041 acquiescendum
793 1979 913 2029 videtur.

179 2052 392 2112 conlocauerat]
417 2052 482 2101 Par.
508 2053 542 2099 A.
568 2045 668 2112 (Bong.
687 2045 737 2110 A.)
754 2047 838 2098 Vrat.
854 2050 889 2099 A.
907 2048 992 2100 Vind.
1012 2049 1048 2102 A.
1064 2061 1121 2100 non
1137 2050 1202 2102 coll.

142 2122 267 2173 candoe.
286 2121 371 2172 Voss.
389 2122 423 2169 A.
443 2121 528 2170 Febr.
548 2118 634 2170 coloe.
652 2117 748 2167 Hamb.

179 2190 371 2251 adtribuerat]
390 2191 456 2241 Par.
473 2191 508 2239 A.
524 2188 624 2251 (Boug.
642 2187 692 2247 A.)
709 2189 795 2237 voss.
811 2189 845 2238 A.
865 2187 949 2238 vind.
966 2189 1001 2236 A.
1021 2198 1078 2236 non
1093 2188 1150 2237 att.

178 2259 249 2323 Gap.
267 2259 310 2309 10.
336 2258 363 2320 S.
386 2261 410 2310 1.
437 2258 595 2316 adferebat]
626 2257 711 2305 Voss.
729 2257 764 2306 A.
789 2257 867 2320 Egm.
889 2258 954 2309 Par.
973 2259 1008 2306 A.
1034 2257 1135 2320 (Boug.
1154 2255 1205 2322 A.)

143 2328 229 2381 vrat.
245 2331 281 2379 A.
294 2327 379 2379 vind.
395 2328 430 2378 A.
450 2339 506 2378 nou
526 2325 575 2392 effi
594 2321 767 2391 (afferretat
778 2327 891 2388 Hamb.)

177 2410 236 2450 uno
257 2395 336 2464 loco]
364 2398 478 2464 „Boug.
495 2399 529 2446 A.
555 2395 641 2445 Voss.
658 2397 692 2443 A.
717 2394 775 2444 Pet.
794 2397 871 2460 Egm.
898 2396 926 2444 et
948 2392 1021 2444 dal.
1041 2406 1104 2443 oum
1120 2391 1203 2443 ino.“
1250 2436 1253 2441 .

143 2468 224 2519 Gott.
248 2468 314 2517 Par.
334 2468 368 2516 A.
392 2467 466 2518 Heu.
483 2467 518 2514 A.
543 2463 592 2513 Dr.
611 2465 645 2514 A.
672 2464 753 2514 Vrat.
770 2465 826 2512 AB.
848 2466 944 2514 Hamis.
966 2463 1201 2514 u11.vind.AB.

143 2538 218 2587 Veu.
239 2537 261 2586 f.
285 2549 344 2586 uno
367 2536 398 2585 in
420 2537 482 2586 loco
504 2533 606 2596 reliqui
622 2534 700 2586 MSS.
718 2536 746 2583 et
764 2535 848 2599 editi,
875 2535 959 2583 etiam
977 2532 1046 2585 Oud.
1065 2533 1199 2596 quemad-

142 2608 256 2658 modum
275 2605 380 2668 legitur
400 2601 434 2670 t,
467 2606 481 2652 1
500 2604 526 2665 s.
550 2605 568 2656 7
586 2615 678 2667 aeque
697 2603 810 2669 inopius
829 2617 906 2654 anno
923 2614 1078 2654 remanere
1095 2614 1152 2652 uuo
1170 2603 1201 2653 in

142 2678 218 2727 ioco.
237 2676 266 2729 et
283 2674 345 2724 Afr.
364 2674 411 2737 78,
428 2675 446 2724 3
463 2677 617 2736 postquam
634 2673 745 2722 diutius
761 2674 791 2722 in
812 2686 869 2723 uno
887 2676 948 2723 loco
962 2673 1056 2735 Scipio
1074 2683 1202 2722 comino-

143 2738 282 2796 ratoiur.
317 2743 372 2792 led
391 2743 453 2792 sine
470 2742 679 2803 praepositione
696 2742 768 2792 idem
786 2741 841 2806 73,
858 2739 890 2792 4ε
909 2741 996 2792 dabat
1014 2753 1148 2806 operam,
1167 2743 1202 2792 ot

143 2814 276 2881 lepiunes
302 2825 361 2863 non
384 2825 443 2862 uno
468 2812 530 2861 loco
550 2810 725 2862 contineret.
760 2810 831 2861 Nam
849 2812 922 2874 quod
939 2811 978 2861 iti
995 2812 1080 2871 vulgo
1098 2811 1203 2873 legitur
1305 2845 1312 2863 .

144 2884 177 2934 dn
194 2896 255 2933 uero
273 2883 353 2944 loco,
372 2881 401 2932 id
419 2881 524 2930 nullam
542 2881 665 2930 codicum
683 2880 879 2931 auctoritatem
898 2882 987 2930 hahet.
1023 2880 1066 2929 cf.
1084 2879 1160 2930 infra
1176 2894 1201 2930 o.

142 2952 181 3007 77
198 2951 226 3013 S.
243 2952 276 3003 8:
292 2951 438 3001 homiuum
454 2949 706 3000 nedibosLXXX.
723 2963 781 2999 uiro
798 2951 861 3000 ioco
879 2948 1056 3017 interfectis
1074 2947 1101 3014 5,
1123 2949 1157 3000 18
1173 2949 1201 3013 s.

144 3023 179 3072 1:
198 3021 402 3087 qstodflumen
417 3033 475 3070 uno
493 3019 607 3070 onanino
624 3020 687 3069 ioco
703 3018 977 3082 pedidus-tramine·
990 3020 1097 3083 potest.

82 3126 92 3135 -
180 3090 207 3141 si
223 3087 375 3155 maturius]
400 3089 447 3139 sin
464 3092 533 3139 mat.
553 3088 625 3138 And.
645 3089 696 3138 Ox.
720 3087 770 3138 Cu.
792 3089 821 3138 S.
837 3085 902 3138 Ald.
924 3101 985 3151 sqq.
1021 3087 1055 3137 ln
1071 3085 1149 3137 Leid.
1167 3087 1202 3136 A.

143 3159 230 3211 vind.
245 3161 279 3209 A.
292 3160 390 3210 namo.
408 3161 477 3210 liaeo
495 3159 547 3209 duo
566 3159 594 3208 et
612 3158 668 3208 tria
685 3158 1090 3223 sequentia,iniia1nb.etiam
1102 3168 1204 3208 norem

161 3296 270 3349 caesar
293 3297 505 3355 ooulooaverat]
534 3296 569 3362 1,
603 3294 638 3346 28
681 3294 737 3346 lias
755 3295 930 3348 adtributam
948 3296 1065 3363 dicitur,
1088 3297 1135 3359 qui
1153 3297 1204 3347 suis

109 3362 193 3428 §.Aa
216 3367 304 3418 Boios
319 3367 482 3431 petentibus
499 3365 638 3433 Haeduis,
681 3365 793 3416 illorum
816 3365 932 3429 imperio
956 3370 1059 3417 essent.
1099 3367 1205 3417 Eodem

111 3436 189 3503 quod
210 3435 333 3503 eprepia
350 3435 463 3488 virtute
483 3439 570 3487 erant
587 3448 637 3486 co·
681 3436 813 3500 pertinet,
830 3437 903 3498 qirod
920 3449 945 3486 o.
964 3437 998 3487 10
1017 3436 1044 3497 s.
1063 3436 1078 3484 1
1096 3435 1204 3498 stipen-

110 3504 204 3572 poiti,
220 3510 255 3556 ot
272 3506 303 3555 iu
320 3503 422 3570 piatus
438 3504 500 3556 auis
517 3508 639 3556 colloca·
681 3505 764 3555 diarii
779 3506 957 3556 Haeduorum
979 3507 1039 3556 Boii
1056 3505 1146 3556 fuisse
1161 3506 1204 3556 si-

111 3577 190 3638 reni,
207 3575 357 3626 concessit.
392 3574 434 3625 lbi
452 3576 525 3637 quod
537 3579 637 3638 peten-
680 3575 856 3638 gnifioantur.
891 3576 974 3624 'dales
992 3575 1065 3624 euim
1078 3588 1143 3626 esse
1156 3587 1206 3627 eoa

113 3643 321 3695 tiousilaeduis
336 3646 529 3707 concessisse,
548 3645 576 3694 id
593 3644 638 3694 iiio
681 3644 789 3695 caesar
814 3645 944 3695 voluerat
968 3643 1083 3707 ideoque
1106 3644 1148 3695 ita
1169 3646 1205 3697 de

112 3714 174 3776 ipse
190 3715 296 3765 fecisse
307 3712 415 3765 Caeam
433 3712 550 3764 dicitur:
568 3714 639 3764 flel-
682 3714 718 3763 iis
738 3717 764 3765 h.
780 3715 799 3764 1.
819 3713 951 3778 loquitur.
986 3713 1094 3764 Haedui
1110 3717 1206 3766 tamen

112 3783 205 3835 vetioo
221 3782 330 3849 proelio
347 3782 439 3833 victos
456 3793 512 3832 non
529 3783 559 3832 in
577 3797 640 3834 ser·
682 3796 731 3834 eos
748 3786 848 3847 posteo
866 3784 896 3833 in
910 3793 1015 3845 parem
1030 3782 1105 3834 turta
1116 3785 1206 3836 liter.-

112 3853 233 3905 vitutem
248 3851 411 3916 redegisse,
441 3851 491 3900 sed
507 3852 639 3904 Haeduo·
681 3853 808 3918 totisque
830 3852 1023 3904 conditionem
1044 3856 1133 3918 atque
1150 3853 1207 3919 ipsi

112 3936 173 3975 rum
194 3922 225 3972 in
242 3921 344 3972 tinibus
362 3922 527 3999 qoliooasse.
681 3928 784 3989 erant,
811 3924 987 3986 receperunt
1003 3925 1051 3986 (i,
1074 3923 1109 3974 28
1126 3922 1153 3984 S.
1170 3921 1205 3989 4)

160 3991 342 4052 Haeduisque
374 3989 561 4051 adtribuerat]
593 3989 640 4043 Sit
682 4004 753 4057 quae
771 3992 892 4043 conditio
909 3991 1009 4043 melior
1027 3999 1103 4057 erat,
1125 4004 1207 4053 quam

111 4074 136 4110 o.
156 4062 193 4113 76
211 4059 239 4120 S.
260 4064 276 4111 1
294 4058 403 4111 caesar
419 4060 541 4111 Commio
554 4060 660 4111 Atre··
681 4061 937 4127 stipendiariorum,
956 4063 990 4112 de
1008 4064 1106 4126 quibua
1122 4063 1160 4113 oi.
1179 4063 1207 4124 1,

110 4131 169 4182 tati
188 4130 325 4182 Morinos
340 4131 370 4181 et
387 4129 447 4181 Ciu.
465 4132 499 4195 1,
523 4129 559 4182 35
576 4127 639 4188 §.4
682 4132 718 4187 30
736 4131 763 4192 S.
782 4135 809 4181 2.
829 4134 874 4198 36,
892 4132 919 4194 S.
937 4133 963 4180 3.

109 4199 338 4271 Massiliensibus
362 4199 432 4255 teitu
456 4200 550 4256 ouem
568 4197 639 4254 Gal·
735 4201 804 4268 cap.
815 4202 858 4255 to.
876 4199 903 4265 S.
922 4201 937 4253 1
956 4198 1076 4268 videret]
1094 4198 1205 4249 Adden-

161 4284 201 4339 11.
