2700 4726
395 283 606 358 nnn..ru.
658 284 840 385 cerac
897 350 900 357 .
1087 294 1161 373 sar.
1251 322 1254 327 >

68 453 220 541 Nuntios
241 476 314 538 tota
335 472 473 539 civitate
492 471 709 540 Haeduorum
732 475 891 558 dimittit,
919 474 1034 543 eodem
1057 486 1194 551 men-10

68 554 166 625 decio
192 557 235 622 de
256 558 358 624 caede
381 561 530 647 equitum
553 574 589 628 et
611 562 800 652 principum
823 572 1011 651 permovete
1035 565 1150 632 horta-

66 652 143 727 tur,
171 653 213 709 ut
236 645 343 712 simili
363 649 493 717 ratione
516 657 616 738 atque
639 651 715 738 ipse
736 652 875 732 feccrit,
906 674 986 720 suas
1008 654 1150 723 iniurias

65 740 326 820 persequantur.

149 820 208 888 39.
250 819 462 908 Eporedorix
486 819 669 902 Haeduus,
693 841 824 890 summo
845 816 924 888 loco¹
945 828 1045 887 natus
1068 821 1152 889 adu-

62 906 197 975 lescens
218 914 255 973 ot
275 931 424 976 summae
446 907 537 976 dorni
557 910 739 999 potentiae,
761 917 797 975 st
817 930 883 975 una
899 907 1152 994 Viridomarus,
1192 942 1202 959 ν

96 1096 236 1149 conticeo
265 1096 297 1148 in
323 1097 431 1150 itinere
455 1095 556 1151 adorti
578 1100 631 1150 eto.
654 1110 707 1162 qno
732 1099 793 1151 loeo
818 1098 844 1148 si
868 1099 979 1150 abesset
1002 1101 1148 1167 continuo,

95 1167 182 1218 multo
201 1165 312 1216 facilius
330 1169 398 1217 terri
417 1169 541 1218 absentia
559 1169 660 1233 posset,
679 1181 758 1231 quam
777 1170 836 1235 buc,
852 1181 904 1231 quo
922 1168 958 1231 id,
976 1173 1047 1232 quod
1065 1185 1149 1237 prae·

97 1236 190 1298 cedit,
217 1237 346 1287 ostendit
362 1237 442 1288 dves
460 1239 622 1299 Romanos,
646 1237 819 1287 manifestum
837 1244 881 1285 est
897 1238 932 1287 nd
950 1238 1150 1293 basiationes

95 1311 127 1354 et
149 1306 186 1355 ed
204 1318 349 1367 pronomen
367 1309 560 1357 declarandum
577 1315 701 1367 spectare
725 1307 885 1367 minimeque
902 1307 1023 1358 eiusdem
1039 1309 1149 1373 generis

97 1386 164 1427 use
185 1382 268 1436 atque
286 1377 373 1440 haec,
400 1388 471 1436 quae
488 1383 651 1439 sequuntur,
680 1375 800 1439 diripit,
826 1373 986 1439 interlicit3
1017 1379 1150 1441 aquibus

96 1442 244 1509 optinetur
270 1446 425 1505 separatum
448 1447 492 1493 est
516 1443 657 1495 interiecto
682 1445 813 1494 adverbio
833 1442 981 1508 temporis,
1014 1457 1065 1509 quo
1085 1460 1150 1500 sese

98 1513 260 1573 exceperint
285 1514 410 1564 actiones
434 1513 578 1570 diversae,
609 1513 811 1563 continuitatem
838 1512 1018 1575 significante.
1053 1511 1165 1581 ltaque'

95 1582 202 1631 temere
220 1583 270 1632 hoc
290 1582 318 1631 in
336 1582 492 1632 melioribus
509 1581 588 1632 libris
605 1582 734 1632 omissum
752 1583 870 1632 videtur.

133 1648 160 1710 S.
187 1650 222 1699 10
251 1654 547 1712 eodem-permovet]
576 1651 633 1701 Pet.
658 1651 730 1701 Gott.
758 1650 836 1702 Leid.
856 1651 886 1702 c.
904 1651 963 1700 cod.
983 1652 1073 1713 soeph.
1092 1662 1149 1703 sec.

94 1719 205 1769 norom.
230 1720 307 1778 (Par.
332 1725 379 1777 Α.)
400 1715 476 1770 Vrat.
498 1722 527 1770 B.
555 1732 573 1770 a
594 1733 629 1771 m.
654 1733 693 1780 pr.
712 1721 764 1773 (dn.
783 1720 880 1771 Hamb.
897 1720 936 1768 St.
955 1720 1003 1772 Gr.
1022 1722 1045 1769 b.
1063 1719 1150 1773 Frcll·

95 1788 177 1851 Lips.
200 1801 258 1851 sqq.
278 1789 573 1854 eodem—permonet
591 1789 671 1850 Bong.
689 1786 722 1838 A.
743 1788 783 1838 Pi.
802 1791 830 1839 et
847 1788 906 1838 eius
923 1789 1032 1850 generis
1052 1787 1153 1854 reliqui

90 1858 171 1919 ‚apud
191 1859 270 1923 ond,
289 1853 371 1908 Voss.
385 1857 418 1908 A.
437 1861 512 1923 ligno.
533 1858 614 1907 Febr.
628 1858 712 1920 Bong.
735 1853 766 1905 C.
784 1857 843 1908 Pal.
864 1857 960 1922 cona,
978 1857 1152 1909 Parisienses

97 1927 172 1981 teste
196 1927 371 1991 sencinum,
402 1927 450 1976 (ir.
476 1927 533 1977 ΑΒ.
559 1927 641 1977 Goth.
665 1926 694 1975 B.
721 1927 799 1976 Vrat.
818 1924 874 1976 AC.
900 1935 928 1974 et
953 1937 1025 1987 ant.
1047 1940 1102 1978 sec.
1120 1927 1153 1977 ii.

48 2029 51 2036 -
95 1994 182 2046 vind.
199 1990 271 2051 cnl.
293 2009 353 2046 curn
375 1999 434 2047 edd.
458 2000 522 2046 ante
540 1997 648 2045 Aidum.
668 1993 700 2043 in
717 1995 1015 2058 ecdem-permonet
1033 1993 1102 2047 And.
1120 1997 1151 2046 Ι.

96 2062 148 2114 Cn.
172 2064 250 2114 Iaeid.
269 2062 302 2113 Α.
329 2068 400 2117 flav.
422 2069 454 2114 Α.
479 2061 561 2117 vind.
582 2068 615 2113 A.
642 2062 673 2112 io
691 2063 989 2126 coceio-permanet
1014 2064 1066 2113 Ox.
1087 2064 1151 2114 Aid.

69 2136 74 2148 ‘
96 2134 141 2185 ab·
168 2133 217 2182 Gr.
239 2144 265 2184 a.
290 2136 363 2185 Man.
390 2136 469 2191 Ture,
510 2134 581 2183 idem
608 2131 735 2182 debuisse
762 2132 888 2181 videntur
912 2132 984 2187 And.
1004 2135 1033 2180 et
1057 2131 1151 2199 ceteri,

94 2201 143 2264 qui
163 2202 195 2253 in
220 2205 406 2269 praeponunt,
441 2204 468 2252 in
492 2202 588 2265 quibus
605 2202 756 2264 permonet
773 2201 830 2250 alio
849 2212 937 2262 aeque
956 2200 1034 2250 sacili
1054 2210 1151 2251 errore

95 2276 179 2333 atque
205 2271 232 2319 iu
257 2272 385 2336 retiquis,
417 2273 461 2334 qni
478 2270 680 2333 praepositione
698 2278 809 2333 carent,
841 2269 984 2319 exstitisse
1004 2271 1152 2330 putandum

97 2347 151 2389 eet.
187 2341 256 2389 Nam
275 2342 343 2404 quod
363 2342 431 2391 ond.
449 2340 636 2406 existimabat,
653 2340 684 2388 ic
701 2337 850 2391 mendacio
866 2350 1039 2402 permonere
1056 2340 1151 2390 eodem

95 2419 200 2474 sensu,
221 2421 272 2470 quo
290 2410 455 2471 mendacio,
474 2409 528 2458 dici
548 2411 686 2470 potuisse,
707 2408 777 2470 quod
797 2408 935 2457 sinerum
954 2409 1044 2471 esset,
1069 2407 1152 2458 aliter

94 2479 128 2526 de
155 2478 210 2527 scri
232 2485 292 2529 tura
318 2481 404 2529 buius.
424 2479 478 2529 ioci
501 2478 619 2528 iudicari
647 2477 776 2540 deberet,
804 2488 858 2525 nou
877 2489 941 2526 csse
960 2488 1056 2525 verum
1075 2484 1153 2526 recte

94 2548 199 2596 monuit
213 2491 335 2595 innodius
353 2549 430 2596 'rurs
448 2551 474 2613 3,
493 2549 544 2597 273
562 2561 603 2609 sq.
637 2547 691 2595 Sed
703 2556 877 2607 permanere
893 2546 925 2595 ite
940 2544 1089 2595 mendacio
1105 2547 1153 2596 rei

95 2616 128 2665 ic
150 2617 249 2667 eodem
274 2629 310 2665 en.
336 2613 381 2680 (ut
399 2617 431 2681 1,
456 2620 490 2667 32
512 2618 538 2679 s.
558 2621 574 2666 3
592 2615 623 2664 io
641 2615 739 2665 ecdem
759 2614 901 2672 tristitia)
918 2624 983 2676 apte
998 2613 1098 2665 dicitnr
1114 2615 1151 2677 is,

95 2682 143 2748 qui
159 2695 207 2735 aut
224 2686 360 2748 monitus,
392 2688 422 2734 ut
442 2699 534 2734 verum
553 2684 641 2747 dicat,
672 2693 720 2733 arnt
737 2684 800 2734 atiis
812 2682 914 2734 'verum
932 2683 1084 2733 fatentibus
1103 2686 1151 2735 vei

93 2754 265 2804 mendacium
283 2752 447 2802 mutantibus
467 2752 573 2802 mentiri
593 2753 638 2801 vei
657 2750 727 2801 idem
749 2753 960 2815 falsumdicere
980 2763 1150 2814 perseverat.

93 2823 173 2889 Quae
192 2836 253 2872 curn
268 2823 304 2871 ab
324 2824 374 2871 hoc
392 2824 452 2872 ioco
472 2822 563 2871 atiena
578 2822 641 2884 sint,
659 2832 740 2870 error
757 2821 784 2870 in
803 2822 887 2884 flong.
901 2823 934 2872 A.
951 2823 1004 2869 etc.
1021 2822 1151 2871 commis-

94 2904 145 2940 sus
172 2890 213 2941 ita
240 2893 344 2957 potins,
374 2891 449 2940 utin
470 2893 528 2940 Pet¹
548 2899 601 2940 etc.
620 2893 800 2956 factumest,
833 2902 913 2954 quam
933 2886 1011 2939 utin
1029 2890 1078 2941 Ox.
1096 2898 1149 2941 etc.

92 2960 278 3010 emendandus
297 2961 359 3014 fuit.
494 2988 496 2995 ·

128 3027 198 3090 Gap).
210 3031 254 3078 39.
272 3027 297 3090 §.
314 3032 328 3078 1
347 3025 525 3094 adulescens]
543 3027 628 3077 Voss.
647 3029 680 3075 A.
698 3028 776 3090 Egm.
792 3026 874 3076 Febr.
891 3025 956 3075 Par.
969 3027 1003 3074 Α.
1022 3026 1102 3075 Vrat.
1117 3029 1151 3077 Α.
1200 3046 1203 3054 ⁴

91 3098 181 3150 vind.
198 3098 228 3149 G.
249 3100 278 3146 et
298 3111 359 3148 cum
379 3111 396 3147 o
414 3109 498 3158 super
514 3111 534 3147 tt
551 3098 635 3160 Bong·
653 3099 687 3147 A.
704 3096 745 3145 Pi.
764 3095 884 3154 (adoles.
904 3095 953 3149 Dr.
973 3096 1001 3142 B.
1018 3094 1133 3160 Hemb.)

129 3164 338 3227 Viridomarus]
373 3168 580 3219 Veridomurus
605 3164 687 3217 vind.
713 3165 743 3215 (i.
771 3163 985 3214 Viridomarus
1010 3164 1098 3228 Bong.
1117 3164 1148 3214 G.

92 3238 151 3304 „et
175 3236 218 3286 sic
242 3237 303 3286 fere
327 3249 437 3300 semper
456 3237 585 3298 deinceps
594 3231 614 3265 ‘⁶
630 3234 714 3284 conr.
739 3232 981 3300 Viridoromoroo
998 3245 1059 3282 cum
1075 3246 1149 3295 pnn-

58 3405 130 3443 uum
164 3402 252 3442 coeco
282 3393 312 3442 et
342 3391 442 3457 futuri
475 3390 583 3452 inscio)
623 3390 705 3440 Vnde
722 3387 837 3452 coiligo,
868 3387 970 3452 inquit,
997 3386 1066 3437 idem
1085 3388 1149 3438 iru-

57 3473 121 3512 eese
145 3459 206 3511 iilic
223 3460 441 3512 cdiuuoeerant:
464 3474 512 3512 eos
531 3460 593 3509 Iti-¹
624 3461 742 3509 mentum
761 3470 779 3507 e
796 3458 916 3508 Litavici
933 3457 1055 3506 exercitu
1074 3458 1149 3508 dire-¹

56 3529 170 3582 tacitus
188 3531 340 3580 ostendeus
354 3531 445 3595 dicito
460 3529 583 3581 Occida-
625 3536 697 3590 ptum
718 3541 791 3577 esse.
1052 3579 1059 3591 „

54 3613 130 3666 mue,
142 3599 249 3665 inquit,
263 3600 314 3650 bos
327 3602 466 3651 latrones.
488 3601 582 3650 Pure·
677 3596 743 3659 Gap.
759 3596 802 3650 39.-
817 3590 872 3656 S.i
892 3595 1060 3656 Eporedorix
1073 3599 1150 3648 Hae·

55 3673 110 3720 tur
141 3669 245 3720 atatim
276 3669 372 3732 impiis
406 3669 580 3733 praeceptis.
625 3668 694 3716 dnus
711 3668 777 3723 etc]
795 3666 871 3715 liaec
887 3666 938 3715 etsi
956 3666 1149 3727 qrrodammodo

56 3738 185 3790 Vixdum
204 3738 294 3789 verba
312 3736 439 3803 finierat,
457 3749 582 3788 couear·
624 3737 660 3786 ad
700 3736 889 3785 declarandum
928 3732 996 3782 iliud
1033 3736 1149 3805 iaciunt,

54 3820 147 3873 euque
166 3807 289 3858 miiitum
307 3807 468 3858 crudeliter
486 3807 584 3857 inter·
626 3807 695 3868 qnod
714 3818 739 3855 c.
756 3803 791 3853 38
811 3803 838 3862 s.
858 3803 875 3852 2
894 3816 928 3852 ex
945 3801 1065 3854 Litaviei
1082 3816 1152 3857 ora-u

56 3875 132 3944 secti
145 3879 218 3927 aunt
229 3879 259 3927 et
273 3876 398 3941 direpta,
414 3887 487 3938 quae
499 3878 582 3943 fere·
626 3875 698 3924 tione
715 3874 831 3923 relatum
848 3873 900 3935 est,
922 3874 1013 3923 tamen
1031 3886 1149 3937 sequen·

55 3948 141 4010 boot,
176 3947 290 3996 eructas
310 3950 337 3995 et
360 3941 486 4009 meiius,
502 3957 582 4006 quam
625 3944 691 3993 tium
709 3953 804 4003 causa,
821 3941 849 3990 in
869 3939 965 4003 quibus
982 3942 1078 3992 iterum
1095 3944 1149 3991 ite-

55 4014 254 4080 Bbeilicanus,
287 4015 332 4076 qui
356 4013 489 4081 mentione
506 4015 582 4064 iacta
624 4024 735 4076 rumque
762 4010 955 4073 Eporedorigis
985 4020 1012 4061 et
1039 4013 1151 4062 Virido-

55 4096 170 4150 eomru,
185 4097 257 4147 quae
276 4096 300 4134 c.
320 4081 355 4133 at
371 4080 397 4143 S.
415 4086 430 4134 1
449 4085 484 4133 de
502 4095 581 4144 prae·
624 4082 694 4132 mari
709 4081 809 4132 mentio
827 4080 867 4147 tit,
885 4078 975 4142 posite
992 4088 1050 4131 ete
1066 4094 1150 4142 prae-

53 4152 134 4206 sidiis
150 4152 195 4206 rei
214 4151 407 4206 frumentariae
425 4151 481 4206 sint
498 4150 581 4217 dieta,
625 4150 785 4205 cedentibus
802 4150 971 4214 seiungeudo
990 4148 1126 4203 ridentur.

102 4236 143 4292 ιι.
894 4217 940 4285 29
