2700 4726
198 297 266 369 400
476 292 549 363 DE
576 291 757 362 BELLO
787 293 1037 364 tantaleo

200 492 331 566 metae,
367 493 552 576 perpetuae
573 486 609 552 in
629 482 895 571 longitudinem,
931 486 1071 575 paribus
1092 487 1286 557 intervallis

155 577 178 639 2
201 573 367 642 distantes
389 574 480 640 inter
499 595 537 642 eo
559 574 656 642 binos
675 571 780 663 pedes
793 573 922 658 ,incolo
935 577 1167 647 conlocantur.
1208 574 1287 645 Hae

231 765 400 830 erepentium
418 776 436 816 a
453 765 592 831 scaligeri
610 766 728 818 lectione
743 766 861 832 nullam,
893 779 981 831 neque
997 780 1033 816 ex
1050 766 1163 832 reliquis
1181 767 1286 821 codici-

233 840 285 889 oua
304 838 447 902 quicquam
470 847 633 899 praeterae
652 850 687 886 ex
708 838 792 887 Voss.
810 838 843 887 Α.
861 835 951 888 aliero.
984 837 1110 901 lienique
1127 840 1284 905 annueres,

231 906 276 959 coi
292 908 355 958 Par.
370 911 402 958 A.
423 908 574 958 adraanus
592 907 654 971 init,
672 903 757 957 tacite
776 904 860 956 edidit
878 904 963 956 litari
979 909 1050 957 aaut
1068 911 1167 959 autem
1185 922 1286 961 omnes

231 977 335 1028 Gallici
361 976 415 1028 liae
440 977 507 1043 sere
530 977 648 1044 forma,
677 975 747 1037 quod
767 975 828 1024 eive
852 987 887 1024 ex
908 975 1036 1028 ductibus
1054 981 1160 1029 croton
1179 980 1286 1030 codicis

228 1048 323 1115 illius,
346 1060 424 1110 quem
445 1050 536 1095 tamen
554 1044 729 1096 Acieintrius
746 1053 775 1094 et
794 1044 942 1107 Beyerlioe
960 1056 1097 1098 consenso
1114 1047 1143 1098 io
1158 1048 1215 1099 dne
1232 1060 1284 1111 po-
1340 1050 1343 1057 '

230 1118 312 1168 situm
345 1119 415 1168 aaut
450 1116 551 1165 iubere
582 1118 736 1176 testentur,
768 1113 830 1162 sive
861 1113 897 1164 ab
922 1112 983 1176 ipso
1007 1117 1192 1177 excogitatum
1217 1129 1285 1180 pro-

231 1188 291 1238 lrari
313 1201 368 1240 non
391 1189 491 1249 potest.
531 1184 621 1248 Magis
647 1183 722 1234 credi
751 1185 843 1244 posset
866 1182 1022 1234 oCaesara
1047 1186 1178 1248 scripturn
1199 1186 1284 1238 Muri

228 1260 328 1309 autera
353 1254 479 1307 octatius
502 1251 592 1303 Gallio
615 1252 670 1303 ltuc
692 1254 759 1318 fere
778 1253 963 1319 formarunt
980 1253 1101 1304 diversis
1118 1255 1284 1307 lectionibus

228 1327 361 1392 originem
379 1325 499 1388 dedisse,
515 1322 571 1375 nisi
588 1320 764 1373 verisimilius
782 1329 859 1370 esset
871 1323 1013 1385 vulgatam
1026 1333 1090 1392 ante
1102 1324 1283 1390 scaligerum,

229 1409 309 1462 quam
327 1395 410 1446 etiarn
428 1393 514 1441 nlius
532 1391 628 1456 tenuit,
647 1404 707 1442 oum
723 1389 785 1440 vitii
800 1389 903 1455 aliquid
922 1394 1070 1456 traxisset,
1096 1397 1177 1458 quale
1197 1395 1284 1460 flung.

227 1466 263 1519 A.
285 1465 419 1528 ostendit,
450 1462 579 1513 licentius
605 1470 668 1511 ease
694 1460 721 1512 in
747 1461 836 1513 altero
858 1472 959 1526 genere
977 1461 1101 1512 codicum
1118 1472 1282 1534 correctam,

209 1524 277 1586 ‘aut
303 1534 393 1598 ipsum
417 1531 445 1581 in
471 1530 695 1592 Epnemeridibus
719 1529 859 1593 dativum,
892 1529 920 1580 in
939 1527 1138 1584 commentario
1156 1534 1285 1596 posuisse

228 1603 434 1659 nominativum,
455 1600 499 1663 qui
519 1597 607 1661 magis
627 1600 745 1650 usitatus
762 1602 846 1649 esset.
881 1597 924 1648 ci.
944 1601 979 1663 6,
1006 1603 1040 1650 12
1059 1601 1086 1663 s.
1103 1599 1139 1651 82
1165 1615 1199 1653 eo
1218 1605 1283 1655 tum

228 1676 311 1727 statu
327 1684 377 1724 rec
393 1671 470 1722 erat.
505 1670 539 1734 5,
558 1666 593 1719 et
613 1667 641 1729 s.
659 1667 691 1720 5:
722 1680 784 1719 aeae
805 1670 904 1720 tamen
919 1666 974 1719 loc
989 1680 1052 1721 esee
1068 1671 1099 1719 in
1115 1669 1284 1725 Ciceronem

226 1745 418 1811 populumque
440 1740 607 1791 Ronlanum
629 1737 733 1789 auimo.
763 1736 826 1788 civ.
842 1742 877 1799 il,
901 1737 936 1789 5⁷
954 1737 982 1800 S.
1000 1743 1034 1791 a:
1066 1739 1230 1806 Scipionem
1247 1756 1283 1794 ea
1331 1780 1334 1785 .

227 1826 288 1867 eoae
304 1809 491 1863 auctoritate.
527 1808 629 1857 Dativo
649 1819 716 1857 usus
734 1809 778 1857 est
793 1808 902 1858 seneca
916 1808 981 1860 Nat.
997 1811 1105 1873 quami.
1123 1812 1152 1876 7,
1172 1812 1204 1861 tl
1221 1810 1281 1879 §.a

225 1886 261 1936 de
277 1879 405 1933 cometis:
424 1880 524 1945 forma
540 1877 584 1929 eie
599 1889 658 1927 nou
673 1879 718 1927 eat
736 1889 805 1928 una.

259 1946 394 2016 directae]
426 1949 565 2001 derectae
587 1944 657 1997 And.
678 1947 729 1998 οι.
756 1947 874 1998 aerem
891 1946 965 1997 liav-
982 1949 1018 1998 Α.
1034 1946 1149 2000 directe
1165 1949 1281 2016 ,‚liong.

228 2013 493 2075 A.1.ein.n.a1.“
514 2011 623 2079 Veni.
657 2012 1167 2083 Gi.adn.cr.ad4,178.4et8.

259 2101 449 2171 conlocantur]
467 2103 551 2154 voss.
571 2100 606 2149 A.
625 2103 702 2166 ligna.
723 2102 805 2154 reor.
825 2102 926 2167 (long.
944 2103 994 2165 A.)
1012 2102 1076 2155 l’ar.
1093 2105 1127 2155 A.
1145 2104 1227 2160 Vrat.
1245 2109 1279 2158 A.

223 2186 278 2227 uon
295 2175 360 2225 coit.
377 2174 522 2225 collocant
539 2172 598 2222 l’et.
617 2170 699 2221 Fater.

258 2242 319 2305 Sa
348 2243 408 2293 liae
432 2236 636 2305 revinciuntur]
669 2239 712 2289 lta
735 2240 782 2288 vel
797 2251 849 2297 eae
868 2249 933 2291 reo.
952 2238 1068 2300 optimos
1086 2242 1220 2312 quosvis,
1249 2248 1280 2296 ot

214 2313 306 2377 llong.
325 2314 359 2365 A.
377 2310 455 2363 hein.
477 2312 510 2361 A.
529 2305 613 2361 Voss.
627 2307 661 2360 Α.
678 2309 731 2360 θι.
744 2311 772 2360 8.
790 2311 819 2359 et
830 2308 913 2376 aliua,
929 2320 1002 2363 aere
1021 2311 1069 2362 vel
1087 2323 1140 2365 ere
1155 2326 1185 2367 u.
1198 2312 1279 2367 carr.

186 2483 245 2525 rem
266 2469 420 2520 collocatae
436 2473 500 2515 sunt
522 2464 631 2529 trabea,
662 2475 714 2515 eae
757 2462 805 2514 teo
824 2463 907 2516 etiam
924 2463 1078 2530 singulares
1101 2480 1153 2531 per
1175 2470 1283 2522 eertum

185 2540 267 2593 unius
299 2537 327 2588 in
359 2535 556 2598 longitudinem
592 2533 713 2597 speciem
755 2533 873 2596 spatium
891 2544 910 2584 a
925 2536 1014 2601 prinu
1030 2537 1281 2602 eiusparteusque

185 2609 336 2673 praebeant
353 2603 543 2671 perpetuitate.
579 2604 640 2655 Non
658 2603 712 2655 aii·
756 2604 791 2653 od
812 2602 934 2654 ultimant
957 2604 1127 2666 pertinentes
1145 2610 1282 2673 appellari

186 2686 230 2728 ter
246 2676 404 2741 perpetuus
422 2672 590 2724 intellexisse
603 2671 712 2723 videtur
755 2682 838 2734 posse
853 2672 1000 2724 Vitruvius
1017 2675 1097 2727 docet
1112 2680 1147 2743 8,
1164 2680 1183 2729 3
1201 2679 1230 2740 8.
1248 2680 1282 2732 tt

185 2747 387 2807 metaphrastes
400 2737 482 2795 danie
496 2736 712 2809 (immodosoie)
754 2740 787 2791 iu
810 2744 988 2805 araeostylis
1011 2745 1109 2797 uatem
1133 2760 1188 2799 nec
1203 2748 1281 2815 lapi-

183 2827 293 2881 ponens
316 2806 360 2864 ἐπ’
384 2806 492 2865 εὐθείας
515 2805 646 2875 ἀλλήλαις
665 2805 711 2861 ud-
753 2811 816 2862 dele
848 2824 900 2863 uec
931 2814 1106 2866 marmoreis
1134 2817 1282 2882 epistotae

183 2900 233 2939 cae
252 2879 444 2946 aulaumaiu,
463 2894 534 2944 quae
551 2881 577 2930 si
596 2880 712 2943 legisset
752 2879 799 2933 uti
820 2881 930 2948 datur,
962 2884 1015 2935 aed
1036 2884 1226 2950 iuopoaeaaoe
1243 2888 1281 2940 de

182 2952 436 3015 erpeiamcurtem
448 2951 711 3011 noninterpretatus
753 2950 881 3003 materia
904 2952 1000 3005 trades
1023 2958 1193 3020 perpetuae.
1225 2954 1280 3009 etsi

183 3032 260 3075 esset
277 3020 393 3085 solidat,
408 3031 467 3070 uon
485 3018 645 3084 eportitus
660 3021 712 3085 fu·
751 3023 804 3071 nas
822 3032 927 3084 quoque
944 3023 1046 3073 solidas
1063 3026 1170 3090 potine,
1198 3040 1278 3090 quarn

182 3095 247 3145 ctas
264 3087 396 3156 (Poliorc.
415 3091 442 3155 3,
460 3089 477 3141 5
496 3105 521 3153 p.
540 3083 623 3154 tte),
640 3100 711 3153 qua·
752 3101 787 3138 ex
799 3090 922 3152 plurilus
934 3096 994 3142 arte
1006 3093 1139 3145 revincti
1148 3103 1279 3149 constan·

181 3164 226 3216 les
244 3160 352 3211 scilicet
368 3157 455 3208 inisse
471 3160 564 3210 trabes
578 3157 643 3209 illas
661 3170 710 3220 per
752 3166 794 3208 tes
821 3158 1013 3224 intelligendas
1040 3174 1104 3213 esse
1135 3176 1190 3219 oon
1221 3168 1279 3218 tam

181 3243 214 3282 se
231 3232 337 3281 citrum
353 3230 414 3279 erat
430 3241 518 3292 neque
536 3227 709 3282 omninolde-
750 3227 925 3294 adlectirom,
940 3242 1019 3295 quam
1032 3244 1079 3283 res
1089 3231 1152 3295 ipsa
1164 3235 1278 3288 demon-

180 3299 331 3353 monstrari
348 3298 485 3349 adiectivo
502 3308 601 3363 neque,
620 3297 644 3346 si
662 3298 709 3347 ta·
751 3291 832 3347 strat>
866 3298 910 3348 Ad
928 3312 988 3350 eam
1006 3312 1083 3369 vero,
1101 3315 1182 3366 quarn
1203 3302 1276 3357 (iac-

179 3382 252 3437 men,
270 3369 331 3421 addi
348 3367 380 3418 iu
396 3367 606 3434 lonpitudiuem
623 3367 708 3416 debe·
749 3377 798 3416 sar
811 3364 889 3432 dixit,
905 3371 1115 3437 perpetuitatem
1128 3374 1276 3434 declaran-

179 3441 243 3504 ltat,
268 3438 338 3501 quod
354 3437 566 3489 additamentum
585 3435 706 3500 Lipsius,
749 3434 811 3485 darn
837 3438 920 3486 valde
944 3442 1072 3501 opposita
1097 3451 1162 3494 sont
1189 3446 1276 3496 verita

178 3521 215 3559 ne
228 3519 340 3570 prorsus
358 3507 453 3560 inutile
470 3515 554 3570 esset,
571 3513 706 3559 commate
748 3502 858 3556 tabulae
875 3507 1007 3561 Moratur.
1024 3522 1042 3560 a
1058 3510 1215 3563 lloreeliino
1232 3514 1276 3565 el-

178 3578 216 3629 ab
241 3576 378 3628 adiectivo
412 3580 570 3639 separatum
599 3573 706 3628 rettulit
747 3574 822 3623 iate:
854 3576 985 3629 seneitom
1008 3578 1150 3646 topicam
1166 3594 1275 3647 perpe·

178 3648 215 3699 aa
232 3647 346 3696 verbum
363 3649 554 3697 conlocantur
572 3652 600 3696 et
617 3645 705 3695 inter·
748 3642 808 3693 iaie
838 3650 1021 3700 construtam
1052 3652 1134 3701 recte
1162 3650 1273 3704 tutela

178 3716 303 3777 prelatus
316 3722 359 3763 est
371 3716 401 3765 iu
413 3717 529 3783 inopum
540 3728 600 3767 uon
613 3714 645 3766 iu
658 3715 704 3764 ui-
746 3711 864 3775 itemque
889 3717 998 3781 losepni
1019 3721 1059 3769 lie
1076 3720 1149 3769 bello
1166 3721 1226 3771 iud.
1242 3723 1273 3789 7,

178 3786 251 3847 tuat,
268 3783 348 3847 quasi
360 3783 508 3835 timendum
518 3780 619 3855 luisset
631 3780 703 3834 scri-
745 3780 763 3832 8
781 3783 808 3844 s.
827 3783 844 3835 ⁵
863 3798 887 3844 p.
906 3782 959 3837 tao
971 3789 1091 3839 flavere.
1110 3781 1207 3844 doerit
1221 3806 1274 3856 pe-

177 3852 260 3916 ptori,
279 3863 313 3902 ne
326 3853 428 3904 incolo
441 3854 703 3907 couocaoetrunee
763 3847 829 3906 ailus
851 3848 898 3905 ἐπὶ
920 3853 1008 3924 μῆκος
1029 3858 1167 3923 προσεχεῖς
1185 3853 1274 3925 ἀλλή-

176 3934 232 3974 non
248 3921 380 3988 iacentes,
399 3924 449 3974 sed
466 3922 578 3975 erectae
595 3926 703 3975 mantes
744 3867 1272 3992 ducenariaieruprioouaideauv,qui-

175 3989 408 4056 existimarentur‚
426 3993 481 4044 nisi
498 3992 530 4044 ite
544 3993 704 4060 tonqttaai-
744 3988 1273 4051 bostonunniosususeetcontraln-
1294 4055 1298 4063 ¹

176 4073 244 4112 atem
263 4062 412 4111 collocatas
428 4063 551 4131 diceret,
580 4063 650 4128 quod
669 4073 703 4112 eo
744 4061 834 4122 poium
849 4062 1037 4124 plaudentibus
1068 4068 1272 4137 oudendorpim

176 4142 263 4182 seusu
280 4143 314 4181 ne
332 4131 452 4192 potuisse
467 4131 572 4197 quinem
587 4132 643 4183 dici
655 4131 703 4183 vi·
745 4131 822 4183 Moro
840 4140 869 4182 et
886 4135 1035 4189 Garatonlo
1051 4137 1087 4187 ad
1108 4132 1168 4189 Cio.
1187 4140 1272 4195 verr.

177 4199 265 4269 duur.
307 4200 435 4255 &torum
457 4201 616 4268 perpetuae
632 4204 701 4257 tra·
745 4204 771 4266 i,
787 4199 825 4253 ia
841 4215 870 4269 p.
888 4206 948 4257 322.
965 4207 1053 4274 Neap.
1070 4206 1124 4262 217
1139 4208 1232 4263 llavn.
