2700 4726
186 280 255 350 4⁷8
446 276 518 346 bb
546 274 728 345 BELLO
759 271 1016 346 cednico

144 468 284 554 teigne
334 468 572 535 constiterunt.
644 467 697 535 At
740 466 949 555 reliquarum
999 464 1126 532 milites
1170 463 1279 549 legio·

223 658 296 709 Ven.
321 659 342 708 i.
367 658 477 722 iegitur.
517 658 572 711 Pro
590 656 686 709 Vrsini
711 660 801 709 nutem
821 655 932 726 codiee,
960 655 1041 707 cutus
1057 659 1083 706 b.
1102 656 1122 708 1.
1144 662 1233 721 neque
1249 655 1278 706 iu

155 744 159 751 ·
219 728 300 782 Notis
325 741 413 791 neque
439 730 465 777 1ιι
491 728 603 780 Emend.
627 727 728 779 mentio
752 729 787 778 ab
804 727 909 783 Vrsino
933 727 979 793 m,
1012 727 1081 777 (iud.
1100 728 1173 777 baud
1194 727 1277 776 dubie

219 800 359 857 nominare
379 799 465 847 voluit
482 798 678 863 oxoniensem,
697 811 776 859 quern
794 798 889 848 deinde
909 809 969 846 cum
988 797 1066 848 Leid.
1081 801 1113 848 A.
1133 797 1277 847 constite-

218 870 294 919 runt
311 867 439 916 exbibete
455 871 582 931 testatur,
599 869 668 929 quod
686 867 755 917 idem
770 866 842 916 sicut
854 867 1031 932 tepioutsque
1044 866 1107 916 Par.
1115 867 1144 917 11.
1159 866 1233 915 flav.
1241 869 1276 915 Α.

218 935 302 987 vind.
315 940 351 986 A.
370 937 512 989 exhibent·
542 938 574 987 lu
594 937 709 998 reliquis
727 948 745 986 a
761 949 804 984 me
821 937 930 986 enitatis
948 936 1028 999 idem,
1049 938 1119 998 quod
1133 937 1161 984 iu
1175 935 1277 997 pteris-

217 1018 270 1069 que
287 1004 356 1057 (tud.
384 1009 413 1056 et
435 1007 463 1057 iu
486 1014 545 1058 vet.
573 1008 632 1056 cod.
652 1007 730 1056 ition-
748 1005 854 1071 Vossii‚
874 1006 937 1055 item
957 1008 984 1054 in
1003 1005 1069 1056 Per.
1088 1009 1122 1055 A.
1141 1004 1277 1067 editisque

217 1077 282 1125 suto
301 1077 399 1125 Aldum
418 1074 535 1139 legitur:
554 1076 717 1139 teutonique
733 1101 770 1110 —
785 1075 950 1138 constituit3
976 1077 1024 1125 sed
1043 1087 1091 1136 pro
1111 1074 1276 1192 legionique

217 1143 267 1195 Dr.
287 1147 319 1196 Δ.
341 1157 359 1195 6
382 1159 416 1195 ιιι.
436 1159 476 1206 pr.
497 1148 614 1196 habebat
631 1146 784 1212 lupicenus,
803 1149 831 1195 et
847 1147 975 1213 decimae
992 1144 1116 1208 (decime
1156 1157 1221 1208 ung.
1240 1143 1275 1194 Α.

217 1230 260 1281 ΡΙ.
275 1231 347 1279 ven.
357 1232 383 1280 b.
396 1226 446 1281 Χθ
460 1227 660 1296 1166116666
674 1228 1003 1281 outt.voss.c.1sis.c.
1017 1228 1074 1279 ino.
1085 1228 1275 1280 omittoutGu.

217 1304 246 1351 et
263 1312 281 1350 a
298 1313 333 1350 ru.
351 1313 390 1362 pr.
410 1301 490 1351 Vrat.
509 1303 538 1350 B.
554 1303 715 1365 teutonique
732 1314 767 1349 ex
788 1301 868 1351 Vind-
888 1299 983 1352 conl.
1001 1299 1154 1351 coustituit
1172 1312 1206 1348 ex
1224 1297 1276 1348 iis-

217 1369 279 1419 dem
302 1377 385 1418 etex
405 1371 486 1419 Vind.
507 1371 540 1420 n.
561 1373 677 1421 relatum
697 1369 802 1431 accepi.
828 1382 885 1433 pau
906 1371 968 1419 tum
985 1372 1054 1420 erut
1071 1371 1227 1420 comitatus
1244 1367 1275 1417 iu

217 1439 267 1489 tir.
283 1439 308 1489 b.
328 1437 396 1488 1649
413 1442 441 1489 61
460 1441 528 1490 1560
544 1440 647 1490 inveni.
665 1440 850 1490 contionatus
864 1439 1009 1500 beyeriius
1021 1439 1049 1489 iu
1064 1440 1128 1490 Par.
1144 1444 1180 1489 A.
1196 1437 1275 1504 tegit,

215 1511 429 1560 conceronutus
454 1522 488 1558 ex
513 1510 572 1559 cod.
599 1512 690 1571 steph.
718 1510 810 1559 attulit
833 1509 1030 1558 Rotomaunus.
1053 1534 1088 1549 -
1119 1509 1275 1559 leuandum

214 1579 343 1639 optimum
366 1579 486 1628 codicem
512 1579 618 1628 Caesar
643 1581 755 1639 primum
780 1579 902 1640 receptui
926 1576 988 1627 6661
1011 1578 1144 1642 iussisse,
1176 1577 1274 1627 deinde

191 1663 196 1673 ·
214 1647 317 1710 legioni
342 1647 464 1698 decimae
489 1648 571 1703 siuns
589 1648 765 1698 constituisse
784 1647 890 1696 dicitur.
925 1647 978 1695 liic
998 1647 1111 1707 primuni
1128 1645 1273 1697 offensioni

214 1725 260 1765 est
277 1716 421 1767 insolentie
440 1715 584 1781 dictionis,
604 1730 665 1766 cnm
682 1717 765 1781 sipon
783 1717 964 1767 constituere
982 1716 1087 1767 caesar
1105 1717 1181 1768 nulio
1200 1717 1273 1780 ioco,

211 1784 311 1838 Livius
329 1790 419 1835 autem
439 1787 561 1845 princibus
579 1789 674 1835 eadent
691 1785 902 1850 significatione,
923 1798 976 1850 qua
994 1787 1156 1839 conciscere
1171 1786 1273 1837 iubere

213 1853 283 1920 (qno
308 1850 412 1904 (166666
435 1855 522 1906 utitur
547 1853 608 1908 cir.
634 1858 666 1920 1,
698 1858 734 1906 79
753 1855 780 1915 s.
801 1855 834 1915 4)
861 1857 908 1904 vei
933 1857 1035 1921 fucere
1054 1858 1087 1906 ut
1108 1856 1273 1907 consistunt

211 1925 315 1990 styria,
332 1923 448 1985 dixerit,
467 1925 590 1974 dativum
608 1936 677 1973 vero
694 1936 729 1972 ue
748 1925 774 1972 is
792 1925 898 1986 quidem
917 1938 1029 1989 usquam
1048 1926 1191 1976 addiderit.
1227 1925 1272 1975 ci.

210 1992 569 2057 Drakenb.ad27‚1iis
589 1995 630 2046 tt.
666 1994 817 2044 Praeterea
833 1996 949 2045 molesta
965 2003 1009 2044 est
1026 1995 1199 2061 ambiguitas,
1216 2007 1272 2045 non

211 2066 269 2115 tim
291 2062 358 2128 iila,
390 2075 460 2126 quae
481 2064 562 2123 paulo
581 2064 783 2123 prudentiorem
802 2065 932 2112 tectorem
951 2064 1078 2124 decipere
1097 2077 1151 2115 uon
1170 2072 1270 2128 potest,

212 2145 267 2197 qua
283 2134 374 2182 tamen
392 2133 523 2192 deceptus
541 2133 721 2201 Nipperdeius
740 2132 928 2183 concionatus
944 2133 1117 2195 participium
1141 2134 1271 2184 evernis

211 2213 335 2269 paucum
351 2204 419 2253 erut
437 2201 588 2251 seiunctum
609 2216 668 2252 cum
687 2198 862 2263 sequentibus
881 2202 1043 2283 construxit,
1062 2201 1142 2265 qnasi
1159 2205 1272 2254 concio·

210 2272 274 2323 uari
294 2267 400 2321 Caesar
418 2273 489 2332 apud
508 2271 606 2320 milites
626 2273 775 2335 potuisset,
794 2271 949 2334 priusquam
970 2273 1049 2335 signa
1068 2285 1134 2323 cons
1137 2271 1269 2337 tuissent,

210 2352 290 2405 quom
308 2343 392 2403 haec,
411 2342 624 2405 quodomnium,
650 2349 738 2389 utrum
756 2340 878 2401 receptui
898 2339 960 2390 caui
978 2342 1094 2391 iubendo
1114 2343 1222 2393 cessar
1238 2344 1269 2392 ut

209 2410 289 2472 signa
306 2409 423 2471 legionis
440 2410 563 2459 decimae
579 2410 775 2472 consisterent,
799 2410 943 2474 effecisse,
970 2423 1005 2461 an
1023 2411 1093 2472 ipse
1100 2424 1153 2460 sua
1172 2425 1267 2477 manu,

209 2490 265 2541 que
283 2477 362 2538 signa
378 2469 540 2540 fugiencium
560 2476 703 2537 prendisse
721 2444 820 2525 dicitur
836 2476 896 2524 civ.
915 2477 932 2523 3
933 2480 1039 2547 ,696
1058 2479 1086 2543 4,
1109 2477 1151 2526 111ι
1164 2479 1268 2542 legioni

196 2545 386 2601 ,constituisse
411 2546 491 2605 signa
512 2546 717 2625 putandumst,
743 2556 854 2605 quornm
871 2544 947 2605 prius
966 2556 1014 2605 per
1034 2559 1065 2595 se
1085 2548 1171 2610 magis
1188 2549 1269 2598 veri-

208 2615 299 2666 simite
324 2619 383 2677 est,
415 2616 532 2663 atterum
556 2614 645 2672 matris
665 2614 811 2662 convenire
830 2613 923 2662 verbis
941 2613 1060 2664 videtur.
1097 2617 1173 2676 Quae
1192 2616 1267 2669 siin

207 2685 331 2747 omnibns
347 2684 486 2733 codicibus
505 2688 661 2739 exstarent,
689 2681 756 2730 terri
777 2692 804 2728 6ι
821 2682 848 2730 16
868 2681 987 2743 priorem
1006 2685 1170 2736 sententiam
1190 2687 1266 2738 dicta

207 2742 286 2806 credi
303 2754 448 2802 deberem:
468 2753 499 2808 6.
518 2751 593 2819 Iictp
595 2765 637 2805 um
657 2750 782 2818 ntupum
800 2749 881 2818 binim
898 2754 948 2806 nub
960 2751 1061 2834 ‚btudte
1078 2749 1240 2823 (bubutdp)b
1243 2772 1269 2812 ιι

221 2824 308 2891 epum
326 2822 413 2890 sepior
432 2822 468 2877 bie
483 2823 590 2877 donner
605 2834 661 2889 pum
674 2821 871 2879 6161661661
886 2821 1001 2871 atterius
1020 2824 1140 2873 codicum
1155 2829 1268 2887 generis

220 2893 351 2953 sotionem
369 2891 577 2954 respicientibus
594 2893 748 2940 constituit
762 2892 808 2940 vei
822 2902 916 2940 errore
930 2904 979 2953 pro
992 2890 1176 2959 constit’unt,
1194 2896 1268 2948 sicut

205 2961 368 3027 teutonique
387 2975 435 3035 pro
451 2960 641 3025 teutonicum,
669 2960 799 3021 scriptum
821 2963 866 3011 ret
884 2962 1010 3013 consulto
1027 2964 1062 3011 ab
1080 2964 1185 3027 aliquo,
1220 2967 1267 3028 qui

205 3033 309 3082 1616666
335 3014 413 3081 111616
439 3032 533 3079 dativo
556 3042 721 3080 succurrere
739 3029 840 3092 veliet,
872 3032 975 3080 tactum
992 3031 1080 3084 videri
1097 3034 1187 3086 debet.
1224 3036 1266 3087 De

204 3100 286 3151 verbi
305 3099 493 3152 terminatione
511 3100 548 3150 ct.
566 3102 630 3152 adn.
649 3113 689 3150 cr.
712 3099 747 3148 ud
764 3102 791 3161 3,
811 3100 893 3161 2¹8·
915 3102 940 3152 1

240 3168 267 3230 S·
292 3174 310 3222 2
333 3173 382 3230 At]
414 3169 582 3238 „Attentius
611 3169 786 3229 perpendenti
808 3170 950 3226 apparebit
974 3169 1048 3221 istud
1072 3167 1149 3238 (ΛΤ)
1173 3172 1265 3224 miuus

201 3249 267 3300 apto
282 3240 328 3291 bic
344 3242 406 3290 ioco
424 3252 488 3289 esse
506 3238 621 3301 positum
639 3238 733 3302 (sigua
750 3238 919 3293 constitere.
940 3238 977 3290 At
992 3242 1266 3306 —retmetantasp

168 3395 280 3460 sugium
306 3398 334 3448 et
358 3394 532 3461 bunuorum,
564 3395 615 3445 ssd
638 3406 692 3457 quo
734 3392 841 3460 positis
860 3393 975 3459 sipuum
992 3397 1046 3449 dut
1067 3399 1162 3450 inesse
1186 3401 1263 3452 vidi-

165 3463 231 3517 iura
263 3467 451 3518 condonatus
485 3465 539 3516 dici
571 3465 694 3527 potuerit
736 3478 805 3515 mua.
841 3465 900 3514 lam
925 3468 952 3515 1ι.
975 3467 996 3516 1.
1021 3468 1156 3519 disertum
1171 3471 1262 3534 ipsius

166 3534 275 3587 066661·
291 3551 362 3601 quae
379 3539 487 3586 tanturn
505 3537 607 3598 tegatis
627 3546 693 3594 pro·
735 3535 922 3585 testimonium
958 3539 1088 3595 liubemus
1124 3544 1153 3589 et
1178 3544 1263 3593 simui

166 3607 318 3671 posuisset,
335 3620 391 3657 uon
409 3607 570 3657 docuerunt.
608 3603 695 3654 sciit-
736 3606 869 3655 decimom
883 3604 1019 3670 legionem
1030 3609 1262 3665 initleconciune

167 3683 213 3725 cet
230 3688 284 3725 non
303 3678 464 3727 abhorrete
478 3687 545 3725 vero
559 3686 602 3740 ea,
621 3686 692 3736 qnae
735 3676 889 3739 proximum
911 3688 929 3726 a
951 3682 1084 3742 suggestu
1106 3681 1197 3731 locum
1217 3685 1263 3732 te-

165 3755 192 3794 o·
209 3743 244 3792 45
259 3745 286 3806 s.
304 3747 322 3793 9
341 3745 521 3808 proposuisse
537 3744 646 3807 dicitur,
663 3745 692 3793 in
735 3746 831 3795 unisse
861 3747 1030 3810 accipimus3
1062 3761 1117 3811 qus
1142 3764 1175 3803 re
1198 3752 1263 3802 fieri

165 3814 300 3864 concione
325 3818 469 3875 proposita
493 3827 572 3879 esse,
609 3824 692 3877 utiam
734 3817 880 3878 potuerat,
910 3827 940 3865 ιιι
970 3821 998 3867 61
1023 3819 1135 3869 tunitius
1166 3824 1201 3872 ab
1224 3822 1262 3873 iis

165 3883 282 3947 edoctis,
301 3885 366 3945 qnid
378 3885 441 3934 tisri
454 3886 550 3948 veliet,
563 3884 691 3935 monitis-
734 3886 879 3951 audiretur
901 3890 930 3936 et
948 3890 1099 3949 promptius
1117 3902 1167 3940 eos
1184 3891 1259 3942 dicto

165 3963 219 4016 que
238 3954 341 4017 legatis
360 3959 389 4004 et
400 3956 518 4006 tribunis
533 3955 605 4016 apud
620 3968 690 4004 cun·
733 3956 880 4006 audientes
907 3959 1030 4010 baberet.
1075 3961 1173 4023 Neque
1201 3963 1260 4012 6116

163 4023 240 4073 otum
264 4023 416 4075 exercitum
436 4026 599 4078 imbuisset.¹
620 4026 690 4075 Eius
734 4027 768 4076 de
799 4037 885 4076 causa
914 4027 974 4075 eius
1003 4029 1045 4078 rei
1068 4032 1172 4082 mentio
1197 4032 1260 4082 tisri

163 4091 209 4143 rei
237 4092 368 4144 iudicium
393 4097 465 4146 baud
488 4099 635 4147 obscurum
660 4095 690 4144 in
732 4096 855 4146 videtur}
886 4094 1051 4149 concionem
1065 4107 1157 4150 sutem
1170 4101 1260 4164 ipsam

163 4162 260 4215 verbis
282 4163 341 4217 11116
364 4163 614 4228 §.reiteretur
633 4178 690 4219 eu·
731 4167 807 4231 apud
824 4178 920 4267 omues
932 4168 1026 4237 etita,
1041 4174 1118 4223 utab
1132 4174 1259 4225 omuibus
