2700 4726
399 295 503 368 iiii.
526 294 609 367 iiii.
660 296 773 368 CAP.
792 301 842 369 62
917 360 920 367 .
1095 299 1161 367 523

78 480 168 566 logio
191 481 408 562 constiterat,
429 484 545 550 hostes
568 484 742 573 pelluntur
766 495 867 574 atquc
886 486 920 551 in
943 486 1055 571 fugam
1082 507 1160 550 con-

79 571 258 634 iiciuntur:
282 571 323 634 ab
345 572 503 650 sinistro,
527 594 624 658 quem
648 574 757 639 locum
782 573 977 640 duodecima
999 575 1087 658 legio
1108 579 1160 637 te·
1182 574 1202 642 4

79 659 201 732 nebat,
226 679 299 722 cum
323 659 423 745 primi
445 659 579 726 ordines
600 661 747 727 hostium
769 662 924 727 translixi
938 663 1027 748 pilis
1050 661 1160 743 conci·

78 743 228 824 dissent,
257 754 367 810 tamon
392 750 553 812 acerrime
575 749 698 836 reliqui
722 751 947 829 resistebant,
976 771 1034 815 nec
1058 747 1162 814 dabat

79 833 303 920 suspicionem
326 834 425 918 fugae
448 836 639 921 quisquam.
682 834 762 923 Ipso
782 835 849 901 dux
871 836 1015 902 bostium
1037 833 1159 900 Gamu·
1181 835 1203 900 ὅ

21 975 26 983 .
78 921 219 1005 logcnus
248 921 320 986 suis
350 921 469 988 aderat
499 931 602 1010 atque
634 944 692 988 eos
722 924 972 991 cohortabatur.
1024 919 1204 989 incertoti

79 1009 180 1072 etiam
211 1031 296 1074 nunc
324 1011 416 1075 exitu
439 1011 619 1092 victoriae,
650 1033 724 1076 cum
745 1012 909 1100 septimae
932 1010 1075 1097 legionis
1098 1008 1161 1076 tri·
1230 1079 1233 1085 ,

115 1186 148 1234 A.
170 1185 263 1237 liamb.
288 1184 352 1234 tic..
367 1184 447 1238 Vind.
464 1186 497 1236 i'.
519 1188 590 1238 Ven.
609 1188 647 1254 f.,
678 1189 813 1255 aiterum,
842 1201 919 1250 quem
937 1187 1063 1249 praetulit
1081 1187 1162 1252 oud,

115 1256 198 1312 Bone.
217 1254 246 1304 C.
265 1257 293 1303 et
312 1256 370 1304 Pet.
390 1267 446 1304 sec.
464 1254 550 1307 Confi.
568 1258 601 1306 V.
622 1257 653 1307 G·
673 1259 735 1311 Vrs.
753 1260 814 1308 Not.
832 1260 904 1308 ilar.
921 1258 952 1307 A.
966 1258 1048 1313 vind.
1063 1255 1095 1306 Α.
1110 1257 1169 1322 st,

112 1336 182 1386 quae
196 1324 348 1373 auotoritas
368 1324 495 1373 sufficere
513 1339 567 1376 non
586 1326 704 1377 videtur.

148 1389 209 1451 §.4
234 1393 401 1453 duodecima]
434 1396 516 1458 Bong.
536 1393 569 1446 A.
592 1396 634 1446 Pl.
665 1396 726 1444 Aid.
751 1406 777 1445 a.
803 1396 851 1446 tir.
870 1394 916 1447 ab·
932 1392 964 1442 Ρ.
982 1394 1055 1443 Man.
1073 1392 1171 1443 lircil.-

113 1461 191 1510 Turr.
211 1463 274 1512 ΧΠ
297 1463 352 1523 „b
378 1475 420 1524 pr.
439 1463 497 1513 Cui.
514 1464 572 1513 Pet.
592 1463 658 1513 And.
676 1462 785 1514 oxon.“
805 1466 875 1514 iiav.
894 1459 926 1511 A.
946 1461 1029 1514 Vind.
1046 1464 1079 1512 A.
1098 1464 1122 1511 A

113 1529 138 1576 b.
155 1532 230 1591 Lips.
249 1545 309 1597 sqq.
332 1534 357 1580 V
373 1526 443 1581 an‘.
461 1533 564 1595 quinta
581 1535 662 1597 Bocg.
680 1530 712 1585 0.
730 1533 810 1582 Vind.
830 1532 876 1582 cl.
892 1530 1022 1597 „Reliqui
1038 1531 1099 1581 XV
1114 1541 1150 1580 ve

112 1602 214 1660 quinta
239 1600 349 1650 decima
371 1613 432 1650 cunr
451 1603 584 1661 Metcpnr.
609 1609 636 1652 et
653 1603 720 1652 iidd.
738 1616 782 1663 pp.
801 1605 885 1653 Vesc.
902 1603 995 1661 steph.
1014 1596 1163 1665 aliisquei‘

112 1685 173 1733 XV
189 1686 277 1734 Brant.
298 1687 343 1734 Dr.
365 1686 394 1737 ii.
413 1685 492 1737 Vrat.
515 1681 546 1736 C.
566 1686 647 1742 Goth.
663 1689 691 1736 ii.
711 1688 793 1737 Vind.
806 1687 838 1736 F.
858 1688 897 1739 st.
916 1683 993 1736 XW
1009 1685 1077 1737 Lon·
1093 1686 1161 1736 Lbb.

110 1754 192 1802 Vind.
220 1756 251 1802 ii.
277 1755 380 1819 quinta
404 1756 514 1806 decima
540 1756 621 1806 Voss.
647 1757 682 1806 A.
711 1759 787 1819 iigm.
813 1757 885 1806 Gott.
911 1756 977 1812 Pan.
996 1755 1029 1807 A.
1057 1755 1104 1803 Dr.
1123 1756 1158 1804 A.

112 1822 191 1870 Vrat.
213 1825 268 1889 AB.
287 1823 367 1872 Goth.
381 1826 414 1873 A.
434 1824 529 1874 flomb.
547 1825 630 1877 Vind.
642 1826 695 1874 BD.
713 1825 833 1889 quincta
848 1824 959 1875 decima
976 1824 1027 1874 (iu.
1042 1823 1160 1887 quinta-

111 1891 222 1941 decima
248 1894 307 1941 edd.
334 1903 396 1940 crite
421 1894 481 1942 Ald.
505 1896 534 1956 et
551 1905 644 1956 margo
662 1894 746 1944 iireii.
765 1904 836 1956 quae
856 1906 916 1943 cum
933 1894 961 1942 in
980 1893 1074 1945 ordina
1093 1904 1161 1944 ver-

109 1961 203 2010 borum
221 1961 320 2011 habeat
337 1962 520 2026 duodecima,
541 1961 612 2012 idem
629 1963 936 2024 vascosanambabcra
954 1969 983 2011 et
1000 1960 1159 2013 Oudendor-

110 2031 182 2090 picm
213 2030 300 2080 Vasc.
330 2043 379 2090 pro
413 2031 534 2093 margine
559 2033 642 2082 vase.
667 2031 794 2092 posuisse
819 2038 890 2092 puto.
914 2026 1160 2081 πεντεκαιδέκατον

111 2100 175 2148 Met.
202 2100 348 2161 Legionem
363 2099 427 2150 XV.
446 2097 576 2151 caesaris
595 2101 624 2149 in
642 2101 765 2150 exercitu
781 2099 870 2149 inisse
887 2099 992 2148 Hirtius
1009 2100 1038 2164 8,
1056 2095 1092 2147 st
1110 2100 1160 2147 do-

112 2171 171 2230 cet3
202 2170 252 2217 sed
268 2181 303 2217 ex
320 2169 372 2233 iis,
397 2180 466 2230 qnae
481 2171 518 2234 6,
542 2172 576 2219 32
593 2169 620 2229 S.
642 2168 658 2219 5
677 2172 819 2234 leguntur,
843 2168 993 2220 Labienum
1010 2169 1082 2230 apud
1099 2177 1160 2217 eam

110 2237 161 2286 iiia
179 2239 374 2301 cohortatione,
389 2251 459 2298 quae
476 2236 505 2297 S:
524 2241 540 2286 2
559 2241 647 2288 relata
664 2243 716 2301 est,
734 2237 775 2288 uti
794 2250 849 2287 non
868 2235 991 2300 potuisse
1009 2235 1159 2287 verisimile

112 2305 150 2355 fit.
185 2303 279 2370 ltaque
299 2307 418 2357 tenendo
438 2315 480 2356 est
497 2307 674 2371 duodecima,
691 2310 725 2358 de
743 2318 796 2370 qua
813 2308 849 2356 oi.
874 2307 936 2357 adn.
954 2308 988 2356 ad
1006 2308 1034 2367 3,
1054 2307 1067 2353 1
1087 2304 1114 2364 S.
1136 2308 1162 2356 i.

146 2375 220 2435 pilis]
254 2378 323 2425 And.
349 2377 401 2427 Ox.
426 2376 473 2425 Cu.
500 2378 527 2425 S.
551 2377 611 2427 iet.
638 2377 709 2428 flav,
728 2379 761 2430 A.
786 2375 868 2426 vind.
888 2374 922 2425 A.
940 2375 1001 2424 Aid.
1020 2386 1077 2438 sqq.
1095 2375 1162 2425 telio

111 2444 208 2506 reliqui
236 2445 344 2493 codices
367 2449 396 2494 et
419 2446 479 2495 edd.
503 2454 567 2495 ante
591 2447 653 2496 Aid.
675 2446 776 2510 (tacite
801 2445 881 2496 Goth.
902 2447 935 2493 A.
952 2444 1024 2493 Med.
1043 2454 1068 2491 a.
1089 2444 1161 2492 ven.

111 2514 198 2570 edei.)
221 2513 286 2563 item
312 2516 351 2562 St.
377 2523 405 2564 et
425 2527 519 2578 margo
541 2516 628 2566 Freii.
652 2511 741 2582 βέλεσι
763 2517 829 2564 Met.
869 2514 945 2573 Quod
963 2513 987 2560 si
1005 2525 1022 2562 a
1040 2512 1161 2563 caesara

112 2584 242 2640 scriptum
257 2590 400 2648 putamus,
424 2583 577 2637 autminus
595 2598 657 2634 enm
676 2591 824 2641 accurate,
841 2596 920 2644 quam
939 2581 1020 2643 aiibi,
1038 2585 1116 2632 velut
1135 2587 1161 2647 1,

111 2649 146 2702 25
167 2650 193 2710 S.
212 2656 237 2701 3.
263 2653 307 2717 52,
327 2656 353 2701 2.
376 2655 403 2713 2,
422 2656 456 2701 23
475 2652 501 2711 S.
521 2656 545 2703 i.
561 2658 589 2718 6,
607 2654 625 2705 8
641 2653 667 2714 §·
687 2657 715 2717 6,
732 2651 896 2714 scripsisse,
914 2660 962 2702 aut
976 2651 1074 2702 iaculis
1092 2663 1160 2714 quo-

112 2732 173 2783 que,
195 2721 315 2782 sagittis,
336 2722 478 2770 tormentis
496 2735 562 2772 usos
579 2735 643 2770 esse
660 2722 689 2771 in
706 2723 767 2771 acie
788 2726 937 2785 pugnantes
955 2721 1056 2769 milites
1073 2721 1161 2784 legio-

79 2808 82 2815 *
112 2789 205 2840 narios
230 2791 384 2851 significare
408 2789 532 2840 voluisse
551 2795 649 2854 putam
666 2791 803 2841 debemus.
839 2791 957 2850 Quorum
975 2790 1091 2840 alterum
1109 2791 1161 2840 du-

110 2861 322 2924 rom,¹alternm
338 2859 456 2920 ineptum
476 2862 528 2909 est.
589 2858 617 2909 0

148 2926 174 2987 S.
201 2932 218 2978 6
250 2930 357 2980 incerto
381 2928 462 2979 etiarn
486 2929 572 2988 nunc]
601 2926 750 2993 vulgatam
773 2941 825 2980 sco
849 2929 940 2979 aetate
957 2927 1165 2991 Oudendorpius

78 3067 160 3117 terat
188 3067 294 3130 legenti
324 3066 374 3117 vix
403 3066 512 3118 dubium
536 3078 600 3117 esre
640 3076 693 3127 quo
707 3065 1058 3130 illudcolligitiiranerus,
1072 3078 1161 3128 neque

75 3137 186 3200 potest,
216 3137 280 3198 quin
300 3136 426 3188 dextrum
443 3140 495 3188 hoc
515 3148 601 3187 cornu
642 3134 753 3185 dativus
776 3148 866 3198 neque
885 3148 1035 3197 pronomen
1054 3135 1087 3185 de
1106 3137 1163 3187 elia

75 3204 271 3271 Romanorum,
287 3220 343 3257 non
360 3207 477 3258 hostium
494 3205 602 3256 intelli·
641 3203 843 3268 significatione
857 3205 938 3255 verbi
950 3204 1067 3269 cogitari
1080 3205 1164 3258 iubet.

75 3272 193 3337 gendum
218 3276 264 3324 sit.
306 3277 421 3328 Accedit
446 3277 519 3339 quod
538 3274 564 3334 s.
584 3276 602 3324 6
640 3272 684 3323 Gi.
703 3272 782 3324 Alex.
801 3275 846 3338 26,
865 3277 897 3324 3:
921 3276 1099 3326 auctoritate
1119 3287 1163 3343 ea,

74 3343 106 3392 in
135 3345 255 3394 sinistro
286 3357 380 3396 carna
403 3349 472 3397 imec
496 3346 602 3409 ecdem,
643 3354 717 3406 qaae
745 3344 914 3408 plorataque
938 3344 1022 3394 adest
1045 3343 1163 3394 victori.

76 3423 147 3475 quae
173 3413 235 3474 §.A
259 3415 293 3464 ab
309 3416 449 3481 sinistro,
480 3414 540 3478 geri
557 3415 601 3464 di·
642 3411 795 3463 Pronomen
823 3416 915 3462 actem
939 3413 975 3463 ad
997 3413 1103 3476 locum,
1135 3413 1165 3464 in

74 3483 192 3548 cuntur,
224 3490 254 3532 nt
283 3484 339 3534 iam
362 3486 540 3536 dubitationis
564 3486 599 3537 de
641 3495 694 3545 quo
713 3491 770 3532 tum
788 3493 921 3544 praesens
939 3483 1015 3531 esset
1033 3478 1164 3535 Camulo-

73 3552 147 3614 loco,
168 3565 247 3615 quem
265 3555 299 3603 ab
312 3555 459 3617 significet,
478 3555 599 3617 relinqui
641 3566 738 3616 getius,
756 3553 952 3603 ostendendum
966 3552 1164 3620 necessarium,

73 3620 143 3670 nihii
161 3623 297 3672 videatur.
334 3624 462 3674 Ceterum
479 3627 516 3677 ci.
533 3626 596 3674 adn.
641 3624 704 3684 ipse
728 3634 795 3672 vero
821 3621 899 3672 ducis
924 3620 1085 3684 praesentia
1108 3634 1164 3674 noc

71 3691 107 3740 ad
128 3695 154 3752 t,
177 3691 211 3741 52
230 3695 258 3754 s.
280 3693 303 3744 5.
640 3692 755 3744 minoris
785 3693 931 3759 momenti,
970 3691 1049 3742 immo
1067 3693 1164 3756 'magis

128 3759 155 3820 S.
179 3757 198 3810 4
228 3759 425 3829 concidissent]
459 3766 599 3827 tamquam
639 3763 826 3814 memorabilis
850 3767 926 3825 erat,
949 3773 1029 3825 qnam
1047 3762 1112 3812 data
1128 3764 1164 3813 ab

74 3830 190 3880 totidem
214 3832 331 3894 corpora
354 3833 518 3896 singularis.
554 3833 596 3884 Ci.
640 3845 673 3884 eo
691 3845 793 3901 opera,
818 3845 889 3896 quaa
908 3831 1092 3895 praesentiam
1111 3843 1165 3883 sua

74 3900 111 3949 ad
127 3901 155 3962 6,
176 3899 212 3951 to
228 3900 254 3960 S.
273 3903 291 3953 7
307 3903 461 3964 adscripta.
641 3913 739 3965 sponte
757 3906 940 3968 sequebatur,
958 3915 1093 3966 quamque
1114 3905 1163 3951 de·

14 4026 22 4040 .
126 3970 189 4032 §.6
215 3971 274 4020 suis
297 3973 407 4032 aderat]
440 3972 501 4022 Non
520 3970 597 4022 vide·
641 3974 706 4023 inde
730 3973 875 4023 declarant
901 3973 988 4024 verba
1010 3975 1098 4038 atque
1115 3983 1164 4022 eos

74 4045 121 4086 tur
139 4039 246 4090 Caesar
271 4044 322 4092 noc
346 4056 399 4093 uno
417 4044 479 4093 loco
497 4043 597 4094 adesse
638 4042 855 4096 cohortabatur.

73 4108 174 4173 aliter,
215 4123 295 4172 quam
330 4113 447 4175 reliquis
483 4112 597 4162 dixisse.
691 4111 717 4171 S.
735 4114 753 4161 6
773 4113 883 4163 Incerto
900 4111 985 4162 etiam
999 4122 1071 4159 nunc
1086 4106 1163 4157 exitu

72 4179 141 4229 Nam
161 4183 232 4242 quod
255 4183 315 4233 suis
333 4183 454 4235 additum
472 4186 533 4250 est,
563 4197 598 4235 cx
640 4181 789 4244 victoriae]
810 4182 905 4235 Emito
925 4180 1067 4235 victoriae
1084 4177 1162 4228 luso-
