2700 4726
194 302 264 373 ese
377 284 380 289 ’
457 297 1081 393 ouautcocnnmco

196 509 293 555 muro
328 493 455 555 vestem
489 496 733 577 argentumque
762 488 936 557 iactabant
963 497 999 556 et
1026 494 1166 577 pectore
1193 488 1287 559 nudo

194 577 423 667 prominentes
446 582 558 665 passis
580 580 733 644 manibus
755 579 1014 644 obtestabantur
1033 578 1224 661 Romanos,
1246 586 1288 645 ui

194 665 262 731 eibi
281 676 471 754 parcerent,
494 687 557 730 neu
579 669 669 733 sicut
692 667 833 732 Avarici
855 667 1037 751 fecissent,
1059 688 1100 732 na
1121 689 1141 733 a
1165 668 1288 733 mulie-

152 752 290 827 6ribue
321 752 456 839 quidem
485 762 587 841 atque
617 754 805 822 infantibus
836 754 1064 819 abstinerent:
1099 756 1287 821 nonnullae

194 838 236 906 da
259 843 366 906 muris
388 862 587 929 parmenus
611 842 776 908 demissae
799 863 875 906 ecee
898 842 1064 907 militibus
1087 841 1285 911 tradebant.

150 938 173 999 7
195 930 239 997 L.
258 929 407 1014 Fabius,
427 932 579 997 centurio
603 931 748 1015 legionis
770 928 885 1011 vill,
906 952 1004 1016 quem
1027 929 1118 997 iuter
1138 952 1221 997 suos
1242 952 1284 997 eo

195 1012 252 1081 elic
273 1017 400 1085 dixisse
421 1019 598 1123 renatabat
617 1018 758 1123 excitari
781 1040 818 1083 ae
833 1018 1100 1122 elvaricensibus
1120 1018 1285 1106 praemiis

193 1123 303 1278 till?
323 1113 1147 1280 iti'lllltitlttltltilitli‘..'¹¹lill
1166 1128 1286 1261 itti:

193 1288 293 1349 vatus
321 1303 454 1351 murum
484 1282 656 1349 aseendit:
689 1281 752 1348 bos
770 1284 846 1370 ipse
871 1302 992 1348 rursus
1015 1282 1167 1368 singulos
1188 1304 1286 1348 exce·

261 1471 290 1534 8·
308 1473 326 1526 5
343 1482 452 1536 pectore
470 1474 542 1524 nudo
560 1472 757 1541 prominentes]
779 1488 808 1541 p.
826 1486 856 1527 ιι.
873 1474 1091 1537 promittentes,
1108 1476 1186 1540 vulg.
1203 1475 1232 1527 iu
1250 1487 1288 1528 ιιι.

226 1550 297 1595 am.
318 1557 375 1594 ecc.
394 1556 443 1607 uro
463 1553 524 1593 var.
543 1544 618 1607 lect,
638 1544 684 1593 Ilr.
702 1546 735 1595 Α.
752 1559 781 1607 μ.
799 1560 827 1607 u.
844 1546 1060 1607 praeminentes
1073 1545 1170 1595 flauo.
1183 1548 1286 1610 pecto-

225 1613 272 1665 ris
289 1611 346 1679 [ine
364 1627 392 1679 p.
420 1614 489 1663 Auel.
508 1613 560 1663 θιι.
595 1612 625 1663 ld
646 1613 713 1663 occ.
739 1614 1003 1675 acroceraunium
1023 1626 1041 1663 a
1059 1615 1180 1666 librariis
1200 1614 1286 1677 urcu-

191 1696 195 1703 ·
226 1684 296 1733 uisci
314 1682 441 1749 potuerit,
458 1681 561 1742 recepit
579 1683 607 1730 et
624 1682 659 1730 e'x
671 1683 731 1732 Alr.
749 1682 783 1732 85
795 1680 821 1740 s.
837 1682 849 1730 t
863 1681 988 1731 ueretilici
1005 1680 1063 1747 tiae
1074 1685 1144 1748 (per
1158 1696 1285 1735 olore-

225 1748 378 1817 inererat),
396 1765 431 1800 ex
444 1752 547 1801 salust.
563 1751 632 1799 llist.
651 1750 724 1813 3(ιι.
742 1750 794 1798 299
805 1750 911 1808 Kritz.)
925 1750 982 1815 fine
998 1754 1149 1819 inquietum
1165 1754 1284 1819 (leyre-

226 1822 479 1885 aleatorium),
497 1832 532 1866 cx
550 1819 683 1879 Airpuleio
700 1827 728 1867 ot
747 1820 858 1881 Hygino
879 1820 996 1881 simillia,
1014 1822 1113 1872 oelnde
1131 1824 1283 1889 Uolusium,

225 1894 425 1951 Romanurn,
452 1889 485 1937 A.
504 1888 686 1951 Grotrovium,
712 1888 864 1939 Gesncrom
883 1890 1003 1941 conferri
1020 1892 1117 1955 lussit,
1145 1894 1195 1943 seo
1212 1905 1282 1955 quo·
1335 1896 1340 1906 ‘

225 1964 304 2013 moto
328 1958 603 2022 intelligentiarum,
636 1969 689 2007 ucri
712 1960 839 2008 osterldit.
877 1960 919 2007 Ex
939 1960 1138 2011 recentioribus
1156 1960 1204 2025 qul
1219 1974 1282 2013 eun

225 2029 316 2081 secuti
340 2038 419 2091 suut,
450 2026 607 2091 Herzogius
631 2032 658 2074 et
683 2026 829 2087 Liirpertus
850 2040 963 2079 sensum
989 2030 1049 2080 eius
1067 2032 1182 2081 eundem
1198 2034 1283 2094 alque

223 2098 351 2151 lectionis
376 2101 440 2149 aule
460 2096 527 2147 oud.
552 2097 684 2159 vulgatae
700 2096 832 2146 statuisse
850 2098 993 2165 videnlur,
1025 2112 1085 2150 cum
1103 2102 1190 2151 liert.
1210 2104 1282 2151 bauo

223 2169 383 2234 glossemati
397 2167 512 2216 similem
527 2165 611 2227 (licat,
624 2164 771 2225 Liirperlue
784 2167 817 2214 tle
829 2166 909 2215 nucis
925 2169 1081 2229 nectanibus
1094 2172 1283 2223 mulieraria

224 2240 320 2301 iaciat,
339 2237 417 2301 quari
435 2236 564 2300 pectoris
580 2234 637 2299 siue
651 2235 851 2299 prostituentes
867 2236 920 2285 eliel
934 2239 1072 2298 potuerint
1086 2250 1156 2301 quae
1168 2244 1282 2301 uectore

70 2366 73 2374 ,
144 2330 148 2335 ·
224 2318 305 2360 tetrus
323 2310 411 2357 studea
426 2306 622 2370 prominerent.
657 2305 803 2364 superiore
821 2310 898 2365 parte
916 2310 1280 2371 corporlsusqueotiimuut

224 2388 321 2440 uectus
338 2379 488 2438 exstantes,
507 2372 638 2423 interiore
651 2373 759 2422 obiectu
772 2374 890 2425 alicuius
903 2374 1000 2437 pinuae
1015 2379 1059 2428 vel
1074 2379 1179 2429 loricae
1190 2380 1281 2429 tectam

222 2448 264 2499 ita
288 2444 441 2507 significari
468 2444 613 2504 potueruut
635 2446 784 2491 secuntum
806 2442 967 2501 ueratrum,
995 2446 1042 2504 qui
1059 2448 1109 2503 Eu.
1129 2446 1165 2505 5,
1195 2448 1230 2495 35
1247 2448 1283 2496 tle

221 2526 307 2579 puero
332 2514 369 2562 ad
395 2520 510 2561 mentum
535 2522 621 2573 usquc
647 2508 758 2556 uetusto
783 2507 897 2572 loquens
923 2509 994 2561 Gom
1020 2510 1206 2573 promineret
1228 2525 1283 2565 ore

222 2582 299 2640 dixit.
336 2582 389 2631 Sed
407 2592 441 2630 ca
458 2576 624 2637 significatio
642 2577 811 2637 nouaclum,
829 2576 955 2643 quonium
973 2580 1058 2629 muris
1076 2581 1194 2631 Gallicis
1211 2582 1281 2634 lori·

222 2666 272 2704 cas
291 2652 341 2700 rel'
357 2650 452 2711 pinnas
469 2648 557 2696 tuisse
574 2656 705 2707 nusquam
724 2646 823 2694 dictum
843 2650 896 2709 est,
916 2650 1043 2713 cunctare,
1061 2651 1111 2699 sed
1128 2652 1218 2701 etiam
1229 2664 1280 2703 eu-

222 2729 397 2787 pervaoauea
415 2727 443 2766 et
461 2717 496 2765 ab
514 2729 563 2778 eo,
584 2715 656 2776 qtrotl
674 2715 740 2763 illac
759 2715 886 2777 deinceps
904 2716 1008 2769 iecisse
1027 2718 1169 2784 dicontur,
1188 2720 1282 2773 aliene

221 2793 292 2849 erat.
327 2788 421 2849 ltaque
444 2784 574 2851 pectoris
597 2782 654 2848 fine
671 2784 869 2844 urouriueutee
887 2797 905 2835 a
924 2786 1046 2837 Caesare
1063 2790 1196 2851 scriptum
1215 2802 1280 2840 esse

220 2862 270 2911 vix
289 2860 394 2921 natast,
416 2856 546 2919 alectoria
565 2852 621 2919 tine
639 2854 766 2904 nudatae
784 2855 831 2902 vel
849 2856 906 2903 tale
924 2856 987 2918 quio
1005 2859 1032 2906 iu
1051 2858 1280 2919 Euhemeritlibus

219 2932 309 2982 locum
331 2928 431 2977 haltere
449 2934 477 2973 et
495 2926 557 2974 iude
579 2925 656 2985 illud,
675 2925 745 2986 qood
761 2936 829 2973 saue
847 2924 1019 2976 librariorum
1033 2938 1142 2989 captu·
1156 2936 1281 2998 acuent,

219 2999 249 3053 iu
265 3000 329 3049 illos
346 2996 454 3045 codices
472 2994 569 3043 venire
590 2992 686 3055 potnit.

254 3080 274 3119 a
289 3061 459 3130 mulieribus]
479 3065 563 3126 llong.
583 3069 617 3112 A.
636 3063 721 3113 Voss.
733 3060 815 3115 ABG.
834 3063 891 3112 Pet.
909 3064 986 3121 lium.
1005 3064 1075 3114 [ιον.
1092 3065 1143 3133 „et
1161 3077 1213 3115 sex
1231 3079 1280 3117 re·

219 3138 356 3189 cautiores
371 3148 433 3183 'cum
454 3135 518 3185 bod.
539 3130 661 3192 primis“
686 3134 759 3183 Gott.
778 3135 860 3192 using.
881 3131 912 3183 0.
933 3134 992 3183 Pal.
1017 3133 1080 3184 Par.
1099 3137 1135 3185 A.
1154 3136 1202 3186 Dr.
1222 3134 1278 3189 All.

219 3211 301 3261 Vrat.
320 3205 400 3257 Allo.
423 3204 504 3253 Gotlr.
526 3203 552 3251 ll.
583 3202 675 3251 llamb.
701 3202 783 3253 vinti.
802 3202 919 3252 llllltlli.
946 3203 1023 3256 Rom.
1048 3214 1074 3252 a.
1101 3205 1162 3257 lter.
1182 3220 1202 3255 a
1226 3218 1280 3257 om.

220 3279 293 3331 flav.
312 3279 346 3329 Α.
373 3272 452 3322 Viutl.
472 3275 505 3321 A.
529 3270 599 3319 Med.
624 3281 643 3318 a
667 3272 736 3325 ch.
757 3273 843 3320 lactei.
870 3272 932 3319 Alo.
952 3284 1009 3333 sqq.
1028 3281 1059 3321 ut
1077 3274 1111 3339 1,
1128 3272 1206 3334 ²²8·
1225 3278 1279 3328 Sa

219 3347 358 3408 caesare,
374 3343 409 3403 8,
428 3338 465 3390 tt
483 3342 509 3411 §.
528 3342 544 3387 2
565 3341 600 3388 el>
618 3340 706 3389 llirtiu
723 3340 851 3390 omissum
870 3342 913 3389 est
931 3338 1144 3392 indictionibus
1161 3343 1277 3408 proelio

218 3414 367 3469 abstinere
390 3416 418 3461 et
442 3424 474 3461 se
497 3408 556 3460 cilo
574 3408 729 3461 abstinere.
763 3412 804 3461 Eo
820 3408 912 3460 miuus
932 3411 957 3462 ln.
975 3412 995 3463 l.
1013 3414 1164 3464 verendum
1180 3417 1225 3465 eet
1241 3426 1278 3465 nc

217 3484 411 3545 interpolatum
432 3480 477 3529 sit.
1262 3522 1267 3531 .

253 3553 279 3613 s.
297 3555 316 3605 7
335 3548 397 3617 hos]
416 3550 521 3614 „uisa
539 3546 687 3610 pleriquc‘·
706 3548 764 3599 Pel.
784 3547 856 3599 Gott.
869 3549 945 3612 Egm.
965 3550 1046 3611 Bona.
1060 3548 1117 3600 AG.
1135 3550 1196 3604 Pal.
1213 3552 1278 3605 Par.

217 3624 253 3671 A.
271 3624 318 3673 Dr.
337 3622 393 3671 All.
412 3624 494 3670 Vret.
507 3616 587 3668 ABG.
607 3619 687 3667 Gotlr.
701 3618 731 3666 ll.
747 3618 842 3666 uana.
862 3613 1195 3674 cn.vtnc.ucr1.euo.
1213 3626 1279 3675 unte

217 3693 281 3741 Alc.
307 3693 360 3742 St..
373 3690 422 3742 Gr.
444 3690 469 3738 l).
497 3688 582 3737 Frell.
599 3687 654 3737 loo
670 3700 731 3738 com
749 3701 764 3737 s
782 3700 864 3749 super
881 3699 898 3739 c
917 3690 1001 3740 Voss.
1019 3687 1054 3744 A.
1072 3690 1156 3743 Febr.
1173 3703 1209 3743 uc
1226 3689 1276 3743 (iu.

182 3848 230 3897 tur
253 3846 312 3910 ita,
340 3846 447 3895 utnon
464 3844 577 3893 multum
598 3840 710 3891 (litteral
752 3841 851 3895 Cicero
867 3842 952 3901 Verr.
969 3842 1004 3909 i,
1022 3846 1057 3896 10
1076 3840 1119 3913 (s.
1136 3850 1187 3909 21)
1203 3858 1280 3913 prc-

182 3928 201 3968 a
224 3914 407 3978 promontorii
424 3912 644 3978 significatione,
675 3911 709 3961 tle
750 3911 856 3965 tectam
873 3914 905 3965 in
923 3915 1016 3967 cltum
1034 3919 1134 3981 vocat,
1162 3917 1279 3983 promi-

182 3997 238 4050 qua
255 3986 291 4035 ct.
308 3985 372 4033 adn.
392 3984 427 4033 ad
445 3988 478 4044 o,
506 3985 538 4031 12
557 3979 583 4040 S.
602 3981 626 4031 t.
662 3982 709 4032 Sic
751 3994 821 4034 nere
844 3984 958 4047 penitus
977 3986 1008 4035 iu
1026 3987 1119 4039 altum
1136 3986 1275 4041 aixerunt.

181 4054 436 4117 Ovidiuslllet.1³,
454 4051 708 4115 77tlceuamprn-
800 4055 827 4115 ς.
857 4055 875 4105 7
904 4055 980 4105 iuter
1007 4058 1088 4117 suos]
1123 4056 1277 4119 Per-peram

180 4124 292 4176 munere
314 4124 346 4173 e'n
369 4124 506 4189 pontuert,
537 4120 637 4170 Livius
661 4120 706 4185 37,
746 4120 904 4175 Ειοιιιιᾱίιιε
920 4127 991 4179 huso
1007 4126 1044 4179 ati
1062 4126 1212 4181 constabat
1226 4138 1261 4179 re

180 4196 216 4247 23
234 4196 292 4262 §.1
310 4191 494 4259 Phaselidem,
512 4200 595 4255 quam
610 4192 708 4244 urbem
748 4191 822 4246 tulit.
