2700 4726
202 281 271 352 425
463 276 537 349 ΠΒ
563 276 743 373 BELLO
773 274 1039 391 (inilllco⁸

131 465 309 536 'edissa
352 464 482 535 Horum
504 488 580 535 esso
605 469 749 535 alterum
772 465 1095 551 conmotolitavetn,
1113 469 1286 537 florentem
1334 496 1337 501 ·

180 558 183 563 '
204 561 243 621 et
263 556 440 622 inlustrem
456 555 716 637 adulescentem,
737 558 879 622 alteronr
894 554 1028 636 Cotum,
1052 559 1289 645 antiquissima

203 642 331 709 familia
360 654 473 711 natum
496 651 599 729 atquo
622 642 733 732 ipsum
756 643 921 709 hominem
945 666 1096 712 summae
1118 647 1291 732 potentiae

208 737 244 795 et
268 751 407 817 magnae
429 730 649 817 cognationis,
670 730 767 798 onius
788 731 895 796 irater
916 729 1115 798 Valetiacus
1133 734 1292 822 proximo

166 838 305 906 ⁶anno·
329 818 470 884 eundern
508 820 743 904 magistratum
780 817 937 903 gesserit.
996 818 1179 888 Givitatem
1215 842 1293 887 esse

208 925 338 971 ornnem
362 905 540 987 inarmis,
574 906 718 974 divisum
745 914 916 986 senatum,
950 903 1096 973 divisum
1121 910 1297 996 populum,

207 1012 288 1060 suas
312 995 477 1081 cuiusque
498 1015 615 1061 eorum
637 995 824 1061 clientelas.
867 991 968 1078 Quod
989 996 1021 1061 si
1036 994 1166 1063 diutius
1184 997 1300 1063 alatur

279 1201 307 1261 S.
321 1201 345 1252 14
369 1199 632 1262 Convictolitovsrn]
669 1200 771 1269 „MSS-
791 1225 826 1236 -
842 1197 904 1251 cim
919 1197 997 1249 Leid.
1014 1198 1048 1253 Α.
1066 1200 1127 1253 Pet.
1145 1204 1175 1252 et
1190 1200 1301 1262 intra?

243 1270 329 1322 Voss.
348 1274 382 1321 A.
408 1273 485 1333 agn.
503 1271 579 1321 (loll.
598 1272 681 1335 Bong.
702 1273 736 1326 Α.
756 1268 817 1320 Par.
837 1271 871 1319 Α.
889 1272 948 1320 cod.
966 1270 1041 1322 Peto.
1060 1272 1104 1336 16,
1121 1267 1165 1323 te.
1185 1274 1258 1325 ven.
1278 1273 1298 1323 l.

242 1339 506 1392 wnoiclolitcoao
523 1341 607 1392 vind.
625 1337 928 1390 neccommittam
951 1338 1021 1390 Lov.
1046 1339 1300 1392 mnoillolitoteue

241 1411 317 1461 llav.
332 1412 367 1460 Α.
382 1408 623 1461 connitolttooten
641 1410 736 1459 flami.
752 1407 1000 1461 Gonninctoliloec
1013 1409 1060 1459 llr.
1075 1411 1105 1458 Β.
1124 1408 1301 1462 concinato-

243 1479 364 1531 utonem
383 1478 506 1528 vrnall.
526 1478 903 1541 Occincclolitanemllong.
921 1475 953 1528 c.
974 1474 1017 1527 iiic
1034 1479 1062 1528 et
1081 1479 1154 1529 inira
1171 1487 1200 1527 et
1218 1481 1300 1529 vind.
1336 1480 1341 1485 '

243 1548 267 1599 1.
288 1547 528 1600 Gonoilolitunem
545 1549 604 1599 Pal.
624 1546 667 1597 liic
684 1551 713 1596 el
730 1547 801 1597 infra
818 1557 846 1597 et
864 1548 906 1597 st.
923 1546 1179 1598 Conuictolitauem
1199 1549 1246 1599 ilr-
1266 1553 1299 1598 A.

243 1614 324 1669 Vrat.
343 1615 398 1669 Al).
423 1617 501 1666 (ioth.
519 1618 549 1670 Β.
572 1612 657 1683 (Gn.)
679 1617 751 1666 Patr.
775 1616 818 1666 ed.
837 1629 877 1679 pr.
895 1624 923 1664 et
942 1628 1002 1665 cum
1021 1617 1133 1679 reliquis
1151 1619 1213 1668 edd.
1231 1618 1301 1668 ond.

243 1688 289 1736 cul
306 1685 387 1735 etiarn
403 1684 527 1736 Lilooici
544 1687 659 1736 nominis
674 1684 803 1747 analogia
819 1686 919 1739 obstat.
954 1685 1012 1746 Ego
1029 1688 1058 1736 et
1075 1688 1126 1736 ltoc
1143 1695 1172 1734 et
1185 1687 1302 1750 reliquis

243 1753 274 1805 ln
300 1754 371 1804 locis
394 1756 436 1822 (c.
460 1758 495 1805 33
514 1752 541 1817 S.
558 1753 586 1805 4.
611 1755 665 1823 37,
691 1758 716 1804 l.
740 1753 790 1816 39,
806 1757 832 1808 2.
849 1751 903 1819 4²,
919 1750 947 1808 4.
967 1753 1012 1820 55,
1028 1750 1056 1805 4.
1073 1756 1118 1821 67,
1135 1755 1170 1816 7)
1187 1768 1301 1818 quorum

244 1823 274 1872 in
290 1824 394 1873 dnobus
419 1822 563 1886 postremis
579 1824 663 1886 Bong.
681 1826 713 1873 Α.
732 1822 772 1873 Pl.
791 1822 806 1872 t
822 1825 919 1887 nabet,
949 1834 968 1873 o
986 1824 1134 1874 restituere
1151 1836 1206 1874 non
1223 1826 1304 1876 duni-

245 1891 314 1942 tuvi.
349 1891 440 1957 Magis
457 1892 540 1943 dubia
555 1895 600 1944 est
617 1889 773 1943 accusativi
790 1891 895 1959 torma,
911 1891 946 1943 de
964 1903 1017 1956 qua
1034 1895 1070 1944 ct.
1088 1888 1150 1944 edu.
1165 1905 1205 1946 or.
1223 1895 1259 1945 ed
1277 1894 1304 1959 5,

246 1961 283 2014 18
300 1959 326 2021 S.
346 1963 360 2010 1
379 1973 407 2011 et
424 1965 459 2013 ad
476 1962 556 2012 huius
575 1964 594 2013 l.
609 1972 634 2011 ο.
653 1960 686 2012 55
705 1959 731 2018 S.
751 1958 778 2010 4.

279 2029 436 2090 inlustrem]
454 2032 537 2080 voss.
555 2034 589 2082 Δ.
609 2032 686 2094 llgn.
702 2031 804 2095 (dung.
820 2026 868 2088 Α.)
885 2028 949 2079 Par.
968 2032 1002 2079 Α.
1020 2029 1102 2081 Vrat.
1121 2030 1155 2082 A.
1172 2042 1229 2080 non
1244 2032 1287 2082 ill.

281 2100 500 2162 adulescentem]
520 2101 604 2165 Bong.
616 2104 648 2150 Δ,
665 2103 741 2159 (cnm
761 2112 778 2149 o
799 2108 916 2177 superte
935 2111 992 2151 sec.
1007 2096 1063 2165 Pl.)
1081 2101 1163 2151 voss.
1177 2102 1213 2150 A·
1229 2102 1306 2166 Egur.

247 2183 329 2234 Vror.
352 2185 385 2233 A·
403 2183 525 2235 odollae.
545 2185 609 2235 Per.
627 2186 662 2237 lt.
679 2182 802 2247 adolosc.
821 2181 870 2232 Dr.
889 2181 946 2231 ΑΒ.
964 2182 1060 2233 llamb.

193 2298 197 2309 ,
284 2250 460 2313 Valetiacus]
482 2257 550 2306 ante
566 2254 634 2306 oud.
653 2253 798 2315 legebatur
814 2250 992 2316 Vedelioctts,
1009 2253 1044 2302 als
1057 2244 1128 2303 ilitio
1141 2252 1215 2305 laud
1228 2253 1308 2306 dubie

249 2331 286 2368 ex
301 2320 395 2369 codice
413 2331 558 2389 sumptum,
575 2334 735 2385 quamquam
749 2322 777 2369 in
788 2321 945 2371 nostrorum
955 2321 1031 2371 nullo
1045 2324 1193 2383 repertum.
1230 2325 1309 2383 Quod

250 2387 320 2438 0ud.
339 2388 421 2452 dedit,
439 2389 467 2439 id
484 2390 538 2441 iant
556 2393 617 2443 Ber.
636 2392 708 2442 ven.
727 2391 748 2439 l.
766 2390 1112 2441 st.st1evaernutcoum
1130 2392 1158 2441 in
1180 2393 1308 2445 Valetia-

249 2454 314 2507 cau
331 2457 452 2520 reliquae
469 2469 533 2508 ante
553 2460 651 2511 nidum
669 2457 800 2506 editiones
819 2458 956 2522 exhibent,
975 2458 1003 2508 in
1021 2471 1107 2522 eoque
1120 2460 1229 2511 codices
1248 2466 1309 2514 lere

251 2527 442 2589 consentiunt,
470 2530 661 2588 praeterquam
679 2526 749 2590 quod
765 2525 793 2574 in
811 2524 906 2576 ultima
924 2531 953 2577 et
970 2528 1183 2589 antepenultima
1200 2531 1275 2583 inter
1293 2545 1310 2583 c

251 2594 281 2643 et
297 2594 311 2644 l
328 2594 470 2646 fluctuant.
506 2597 536 2645 ln
550 2596 632 2658 llong.
646 2597 681 2644 A.
692 2597 735 2645 est
751 2593 927 2662 Volece'clos,
946 2596 974 2647 in
990 2597 1115 2647 Vind.A.
1134 2601 1309 2667 Volceientes,

250 2660 280 2712 in
295 2662 368 2715 liar.
385 2665 421 2713 A.
437 2664 576 2717 Altlcoos.
613 2665 655 2713 Ad
668 2665 780 2712 eundem
793 2667 900 2717 modum
914 2667 1016 2716 factum
1031 2673 1074 2717 est
1084 2678 1120 2719 ao
1130 2663 1311 2722 Diviticcca·

288 2733 315 2794 s.
335 2730 352 2782 5
370 2743 433 2782 esse
450 2732 570 2801 omnem]
589 2732 670 2796 llong.
689 2735 723 2782 Δ.
741 2733 825 2784 Voss.
843 2737 876 2786 Δ.
892 2736 943 2787 0¹.
962 2737 1040 2800 Egon.
1057 2736 1121 2787 Par.
1138 2739 1173 2787 Δ.
1188 2740 1261 2790 flav.
1276 2744 1310 2791 A.

251 2799 302 2850 Dr.
321 2801 376 2847 ΑΒ.
395 2801 476 2852 Vrat.
497 2800 553 2853 AO.
575 2803 653 2852 Goth·
672 2802 702 2854 B.
721 2801 803 2853 vind.
821 2801 878 2855 All.
897 2805 1005 2856 Veml.
1040 2804 1072 2855 ln
1086 2807 1163 2856 Gotl.
1179 2808 1265 2860 Voss.
1280 2809 1310 2860 0.

253 2869 306 2988 (ῗῑι.
324 2870 405 2989 Βοοξ.
423 2873 453 2923 Β.
470 2872 525 2925 inc.
542 2884 605 2924 esse
623 2869 770 2937 omissum,
792 2870 822 2920 in
838 2873 953 2936 reliquis
970 2875 1030 2927 edd.
1049 2883 1112 2940 post
1128 2852 1241 2930 omfim
1260 2893 1309 2942 pe-

251 2951 266 2987 s
291 2950 333 2987 nnt
354 2948 406 2988 es.

287 3009 367 3066 snas]
386 3007 419 3058 la
435 3020 503 3062 auos
519 3005 562 3065 Iu.
579 3010 608 3059 et
624 3020 683 3070 sqq.
703 3019 721 3057 a
736 3018 789 3070 quo
806 3008 872 3061 licet
883 3005 952 3059 And.
971 3012 1000 3060 et
1013 3011 1063 3064 ox.
1082 3026 1137 3065 non
1149 3017 1310 3080 discrepare

253 3073 417 3144 videantur,
449 3087 540 3131 umen
563 3073 792 3143 praepositionem
819 3091 855 3128 ex
879 3079 1037 3133 coniectore
1055 3084 1184 3148 monim
1203 3087 1312 3140 videtur

271 3262 300 3326 s.
316 3257 337 3311 4
353 3273 418 3313 esse
438 3264 567 3323 alterurn]
584 3263 625 3313 De
642 3264 744 3315 verbo·
787 3260 875 3326 ipsius
898 3261 1003 3315 meritis
1024 3271 1053 3320 et
1076 3268 1178 3321 virtute
1202 3276 1312 3335 partam

218 3341 279 3381 rum
303 3331 485 3383 collocatione
509 3346 538 3383 v.
566 3335 628 3383 adn.
651 3345 690 3384 cr.
708 3333 745 3384 ad
787 3331 944 3396 intelligere
961 3333 1035 3384 licet.

217 3401 246 3461 a,
261 3402 280 3450 ll
297 3397 325 3460 s.
342 3401 369 3453 2.
838 3408 919 3463 etque
944 3401 1047 3465 ipsum]
1078 3406 1137 3458 lioc
1159 3410 1313 3473 Seyffertue

272 3469 413 3520 florentem
437 3476 466 3518 et
488 3468 645 3533 inlustrem]
676 3470 745 3522 curu
788 3470 944 3533 zumptium
964 3473 1055 3523 citans
1073 3475 1192 3528 Granum.
1213 3481 1240 3542 s.
1259 3481 1313 3533 698

218 3536 262 3587 iris
276 3539 430 3603 lleraogius
443 3540 556 3601 Nepotis
570 3541 656 3590 rerba
668 3553 745 3591 com·
788 3539 985 3600 interpretatur
1012 3546 1073 3595 ond
1103 3546 1195 3613 ancl,
1235 3549 1313 3612 qnasi

218 3606 314 3670 posuit
333 3610 388 3657 att.
407 3609 440 3657 11
461 3609 486 3670 s.
499 3605 519 3658 4
534 3610 679 3674 qoodnon
690 3610 745 3676 tlo-
788 3618 865 3660 esset
888 3612 919 3660 et
939 3611 1039 3676 ipsum.
1081 3614 1147 3678 lpse
1170 3620 1315 3681 opponitur

219 3674 350 3724 rentibus
363 3689 394 3727 se
406 3679 582 3743 venditavit,
600 3681 650 3729 ned
663 3679 747 3744 aflli-
788 3677 920 3743 familiae,
940 3695 995 3744 qua
1011 3685 1092 3732 natus
1109 3693 1178 3737 erat.

217 3743 275 3792 ctis
292 3756 406 3808 semper
424 3749 584 3813 succurrit,
603 3747 632 3798 ln
649 3750 744 3810 quibus
839 3760 956 3812 maguae
982 3752 1167 3821 cognationis]
1199 3754 1218 3807 i.
1241 3769 1266 3806 e.
1285 3757 1314 3806 et

189 3810 353 3878 ,florentis
375 3815 540 3877 significatio
563 3832 598 3867 ex
621 3817 746 3880 opposito
787 3829 950 3868 numerosae
971 3823 998 3869 et
1015 3824 1140 3881 potentis.

219 3882 394 3948 perspicitur,
410 3893 437 3932 et
447 3885 562 3936 Humilc.
581 3889 598 3935 Β
612 3885 638 3944 S.
653 3887 681 3950 2,
699 3885 746 3935 ubl
839 3885 865 3946 S.
880 3886 897 3939 5
916 3887 1032 3938 divisum
1045 3895 1180 3955 senatum,
1194 3891 1315 3944 divisum

218 3949 377 4001 Hasdrubal
408 3954 575 4005 adolescens
608 3955 745 4022 illustria,
788 3952 929 4022 populum]
947 3960 1108 4026 sc.doasin
1123 3964 1233 4023 partes3
1251 3975 1316 4014 nem

217 4020 367 4086 suracusas
386 4023 576 4088 praedicator,
594 4023 663 4077 illud
681 4036 746 4087 pro-
787 4025 828 4076 ita
849 4033 969 4090 tantum,
1000 4038 1083 4078 aucta
1102 4032 1315 4096 significatione,

192 4087 198 4095 “
217 4096 280 4152 pter
297 4090 408 4152 generis
427 4094 615 4160 splendorem,
647 4092 693 4144 cni
717 4093 746 4142 in
790 4095 947 4146 sustinendo
965 4096 1117 4151 iterationis
1136 4101 1250 4162 ponderi
1262 4114 1316 4170 par

215 4156 437 4214 Convictolitave
464 4161 620 4216 adiunctam
637 4162 746 4217 laudern
789 4172 835 4215 eat
852 4166 964 4216 verbum
981 4166 1122 4223 diomero.
1300 4192 1314 4221 s
