2700 4726
194 256 268 359 tro¹
399 310 407 333 ι
457 274 531 355 nn
558 283 739 415 annno
768 240 1016 356 cantico

198 471 300 541 enisis
326 477 427 561 etque
455 473 572 541 horum
599 471 778 540 delibratis
809 495 847 539 ec
876 473 1067 561 praeacutis
1096 471 1281 538 cacumini·

198 560 264 628 itus
286 568 468 649 perpetuae
492 562 621 639 fossae,
652 562 772 647 quinos
795 559 898 648 pedes
920 563 1030 641 altae,
1057 560 1279 631 ducebantur.

45 670 48 675 '
156 646 276 721 tnnc
303 649 357 714 iili
384 650 521 735 stipites
542 649 679 714 demissi
709 657 744 715 et
765 647 808 715 ab
830 648 943 715 infimo
970 648 1131 727 retincti,
1157 669 1202 714 ne
1224 669 1280 713 re-

155 735 281 807 evelli
305 744 462 826 possent,
493 740 535 803 ab
561 736 667 803 ramis
691 736 893 805 eminebant.
943 734 1166 824 Quinieraut
1187 733 1281 801 ordi·

231 926 297 979 illue
315 930 390 988 (unm
410 926 437 977 id
454 937 558 992 quoqne
577 927 729 985 ambianum
745 925 920 991 relinquitur)
940 939 1002 977 esse
1018 924 1175 989 debuerim,
1192 937 1282 989 neque

231 995 352 1061 borum,
380 998 453 1060 quod
474 997 554 1061 Nipp.
579 999 615 1048 ad
639 1009 731 1049 ramos
750 997 854 1063 reiert,
878 1009 932 1047 non
955 996 1015 1059 pari
1038 997 1097 1047 iore
1120 996 1222 1048 reterri
1246 996 1282 1045 ad

232 1069 344 1117 mneos
362 1075 457 1128 potest.

265 1136 374 1194 lterum]
400 1134 506 1188 Aurum
524 1135 605 1186 Vrut.
624 1136 658 1185 A.
678 1140 739 1195 post
755 1132 905 1185 delibratis
920 1133 1068 1331 1111νᾶὁῖ

266 1203 419 1265 delibretie]
442 1202 607 1262 deliberatis
624 1204 673 1253 Dr.
694 1203 724 1252 ll.
741 1200 795 1254 icc.
814 1215 872 1253 sec.
890 1204 953 1253 Elb.
1069 1198 1129 1252 atto
1144 1199 1228 1254 Vind.
1246 1202 1280 1253 b.

232 1284 328 1338 margo
351 1273 432 1326 (iotb.
448 1276 479 1324 lt.
506 1275 584 1324 Rom.
604 1283 631 1322 e.
658 1267 726 1322 Veu.
752 1270 830 1324 1⁴71.
855 1284 911 1325 seo.
995 1328 998 1333 ,
1026 1269 1201 1336 acicurato,
1223 1273 1282 1336 rel,

231 1343 393 1395 saturata
424 1344 482 1397 cod.
505 1345 583 1392 duur.
613 1340 772 1392 dolobrotie
802 1342 838 1393 V.
863 1339 893 1390 c.
921 1335 985 1391 Vre.
1007 1342 1069 1392 Not.
1097 1340 1169 1390 Dok.
1195 1340 1280 1391 Dore.

230 1412 315 1477 Boog.
334 1411 365 1463 O.
383 1411 445 1466 l’al.
464 1412 542 1463 (ioth.
564 1411 595 1461 ll.
613 1412 682 1461 ven.
699 1411 758 1460 ede.
782 1408 942 1461 delatratio
956 1410 1034 1460 Leid.
1052 1410 1081 1457 lt.
1099 1408 1180 1467 (tio.)
1198 1409 1281 1460 Vrat.

231 1478 263 1531 b.
282 1492 300 1531 a
316 1493 352 1537 nt.
369 1493 392 1530 s.
406 1483 477 1534 Med.
496 1492 521 1532 s.
546 1474 615 1530 Veo.
630 1478 669 1528 bi.
689 1480 750 1530 Ber.
768 1472 810 1530 lu.
826 1479 875 1528 Gr.
893 1478 964 1528 Dav.
980 1478 1022 1529 cl.
1039 1478 1107 1531 oud.
1125 1478 1151 1529 1.
1169 1481 1282 1529 tecente

230 1548 314 1600 Fabr-
348 1551 408 1601 Nnn
426 1554 529 1601 temere
552 1548 717 1612 delibratis,
742 1548 812 1612 quod
831 1546 928 1610 reliqui
948 1547 1058 1598 codices
1076 1547 1144 1597 oud.
1162 1557 1191 1597 et
1208 1550 1283 1597 teste

229 1616 348 1670 Wbittio
361 1620 435 1671 Gott.
454 1621 483 1669 et
500 1618 586 1668 codex
598 1616 703 1668 (tiranii
719 1625 747 1667 et
762 1617 825 1668 l’er.
839 1618 873 1666 A.
890 1616 989 1681 (Boog.
1002 1614 1036 1667 A.
1051 1617 1090 1667 rt.
1103 1615 1164 1666 Pet.
1180 1615 1283 1676 cond.)

230 1686 305 1739 lieo.
321 1692 354 1738 A.
374 1690 422 1740 Dr.
438 1689 472 1737 A.
492 1689 573 1738 Vrat.
588 1685 621 1736 A.
638 1696 666 1736 et
684 1698 702 1736 a
720 1698 755 1735 m·
775 1699 814 1746 pr.
834 1687 863 1733 B.
882 1686 979 1736 llamb.
999 1685 1080 1738 vind.
1100 1685 1132 1736 A.
1156 1687 1217 1735 Ald.
1237 1687 1282 1737 ab.

232 1755 280 1806 tir.
298 1757 332 1806 ab
350 1758 391 1808 St.
410 1757 442 1807 P.
460 1758 532 1806 blau.
549 1756 635 1806 lirell.
653 1757 732 1805 terr.
750 1753 818 1803 llud.
837 1757 853 1802 2
870 1755 988 1819 babent,
1011 1753 1114 1817 mlnne,
1132 1767 1212 1815 quam
1228 1756 1283 1807 do-

142 1836 145 1841 ·
230 1824 373 1890 miratu,
397 1827 524 1888 placebat
547 1823 659 1889 Lipsio,
682 1822 726 1887 qui
754 1822 858 1872 liorem
882 1824 918 1873 ad
943 1834 1034 1873 ramos
1058 1833 1171 1887 sparsos
1197 1825 1283 1874 etad

156 1920 160 1925 -
231 1893 324 1945 lutera
340 1896 483 1945 exstantes
502 1893 656 1952 referebam
682 1892 732 1941 sed
751 1904 783 1944 eo
802 1892 899 1943 reterri
920 1903 1082 1956 pronomen,
1107 1892 1132 1941 ei
1150 1900 1198 1943 ent
1215 1892 1284 1943 retl-

231 1966 328 2028 netn'r,
352 1974 406 2014 uon
426 1967 534 2030 potest,
557 1961 611 2012 nisi
628 1969 676 2012 aut
698 1960 804 2013 lorum
828 1972 929 2024 peneus
946 1961 1063 2023 scriptor
1081 1972 1135 2011 non
1152 1963 1186 2012 de
1206 1964 1285 2013 truo-

231 2031 275 2082 eis
291 2032 429 2095 ramisque
446 2034 524 2085 modo
541 2029 702 2092 nominatis,
726 2031 774 2080 sed
791 2032 825 2081 dc
842 2041 934 2079 eornm
951 2032 1037 2081 ramis
1056 2029 1216 2095 cogitesse,
1237 2034 1286 2083 aut

230 2101 382 2154 cacumine
406 2101 509 2152 dixisse
535 2101 580 2163 qul
605 2098 674 2149 rami
700 2098 808 2149 dicendi
830 2103 927 2161 erent,
956 2103 1074 2161 potatur.
1118 2099 1286 2151 'truncorum

231 2173 324 2221 autem
345 2173 373 2222 et
393 2172 532 2222 admodum
551 2170 686 2219 firmorum
702 2178 837 2219 ramorum
857 2168 1000 2219 cacumina
1018 2167 1084 2218 nibil
1103 2167 1215 2230 impedit
1232 2181 1285 2232 qno

230 2240 321 2291 minus
347 2239 491 2293 deiterata
518 2238 650 2305 primum,
680 2236 776 2288 deinde
801 2240 952 2300 praeacuta
974 2236 1028 2288 dici
1055 2237 1196 2290 codicibus
1220 2250 1285 2290 ore-

230 2310 336 2363 danus.

265 2390 295 2454 s.
313 2394 331 2442 3
347 2392 383 2442 ab
399 2387 499 2449 remis]
523 2403 550 2441 a.
570 2401 598 2439 r.
617 2390 688 2442 nov.
708 2393 741 2441 A.
760 2392 848 2442 Haeo.
870 2389 906 2442 ab
923 2391 1013 2442 remis
1028 2390 1112 2442 Vind.
1130 2392 1162 2443 lt.

264 2457 329 2521 §.4
351 2459 431 2521 Quini
449 2460 539 2518 erant]
565 2461 636 2509 And.
654 2459 705 2508 0¹.
723 2458 771 2514 cu.
791 2462 820 2511 Ι.
845 2458 922 2510 Laid.
943 2464 978 2510 A.
1002 2460 1074 2512 llev.
1091 2461 1126 2509 A.
1144 2462 1206 2513 Ald.
1224 2475 1283 2526 sqq.

230 2526 287 2592 Qut
309 2527 441 2581 tulerant
463 2524 547 2578 Vind.
569 2529 603 2577 A.
636 2526 718 2592 quini
741 2526 840 2592 reliqui
865 2528 934 2581 ond.
960 2529 1018 2580 Pet.
1042 2530 1129 2582 Voss.
1149 2532 1182 2580 Α.
1207 2533 1284 2596 ligm.

249 2696 311 2759 §.2
336 2694 505 2764 praecontis]
536 2690 581 2747 Cl.
600 2698 663 2750 odo.
685 2698 721 2749 ed
763 2696 856 2763 gitndo
876 2706 952 2761 erat;
977 2697 1006 2750 in
1030 2688 1200 2751 latitudinem
1218 2711 1285 2753 vero

197 2767 231 2835 8,
252 2767 288 2819 14
308 2764 335 2826 S·
352 2766 378 2819 5.
763 2780 817 2819 non
846 2770 962 2828 amptius
994 2768 1115 2833 petuisse
1146 2771 1284 2839 videntur,

249 2837 399 2898 perpetuae
417 2836 528 2899 iussae,
555 2834 652 2898 quinos
669 2846 720 2896 pe·
764 2850 844 2901 qoem
865 2836 987 2900 stipitum
1011 2839 1165 2892 crassitudo
1190 2841 1285 2906 requi-

197 2904 248 2955 des
274 2907 365 2968 allae,
391 2906 572 2964 ducebantur]
597 2906 719 2967 parelle-
764 2909 846 2959 reret.

197 2974 261 3042 lut,
285 2976 317 3024 ut
334 2973 441 3024 videtur
458 2975 561 3037 (neque
580 2974 650 3023 enim
666 2972 720 3023 uli·
814 2976 879 3037 Μ
904 2977 939 3027 ab
967 2976 1058 3028 infimo
1080 2977 1217 3045 revincti,
1250 2993 1284 3032 ne

198 3046 243 3094 ter
260 3044 359 3095 doctae
371 3041 512 3102 dicuutur)
529 3042 650 3094 interiori
667 3041 720 3108 illi,
763 3044 862 3095 revelli
878 3051 1003 3108 possent]
1030 3047 1096 3099 cnm
1122 3050 1172 3098 lroc
1192 3063 1285 3113 unum,

197 3123 268 3177 qnae
281 3125 306 3162 e.
318 3113 354 3164 72
369 3112 421 3174 §.3
436 3115 645 3164 commemorato
657 3120 719 3175 est,
763 3115 833 3176 quod
857 3115 963 3178 stipites
988 3118 1023 3169 ab
1052 3118 1144 3168 intimo
1167 3120 1287 3170 revincti

197 3192 269 3243 qnae
293 3193 354 3231 cum
381 3185 410 3230 et
435 3181 513 3248 lpse,
542 3183 612 3243 qnod
635 3185 720 3232 totum
764 3192 860 3234 essent
877 3187 926 3241 (de
942 3199 995 3249 qno
1013 3189 1099 3239 verbo
1115 3188 1153 3237 ei.
1171 3191 1233 3240 ado.
1251 3191 1288 3241 ad

196 3248 323 3313 oppidum
341 3249 483 3316 cingebat,
506 3251 651 3312 perpetua
667 3250 721 3300 dici
763 3252 798 3319 t,
817 3255 852 3323 17
868 3254 895 3316 S.
907 3258 939 3312 7)
956 3257 1097 3308 obstitisse
1113 3257 1232 3324 dicetur,
1252 3272 1287 3309 ne

197 3322 294 3383 posset
324 3321 353 3369 et
381 3324 472 3369 temen
494 3319 568 3369 dicte
595 3333 649 3371 non
674 3321 721 3385 sit,
763 3323 865 3374 revelli
885 3336 1012 3392 possent,
1035 3325 1163 3377 demissis
1182 3326 1288 3390 stipiti-

198 3391 267 3454 bus,
285 3390 525 3452 queeperpetuoe
538 3390 722 3453 appellantur,
764 3393 815 3442 bns
839 3393 931 3444 sesses
962 3404 1037 3447 terra
1067 3398 1192 3460 repletae
1221 3409 1286 3447 esse

200 3455 343 3509 scrobibus
367 3456 441 3519 illis,
476 3470 544 3519 ques
569 3456 631 3517 §.5
658 3457 722 3508 item
765 3460 854 3511 minus
872 3462 1022 3516 verisimile
1038 3462 1152 3517 videtur.

199 3527 235 3576 ed
254 3525 423 3589 recipiendos
442 3524 551 3590 stipites
568 3526 625 3578 todi
643 3527 722 3577 vide·
816 3530 852 3581 ab
876 3533 961 3584 ramis
984 3533 1149 3595 eminebant]
1183 3534 1288 3587 Relioti

199 3607 277 3658 mus,
303 3596 445 3658 oppositas
464 3595 586 3659 cogitare
610 3604 638 3644 et
655 3609 722 3658 per·
765 3599 837 3649 enlm
856 3604 933 3650 erant
955 3603 1023 3654 renti
1046 3604 1150 3653 truncis
1174 3612 1204 3654 et
1228 3606 1287 3655 illis
1313 3618 1316 3623 ·

199 3664 356 3726 petulantem
374 3673 519 3726 propterea
538 3664 722 3716 necessariam
765 3669 867 3734 ramis,
893 3671 937 3733 qni
961 3680 1071 3734 propter
1094 3672 1287 3725 firmitudinem

199 3730 237 3783 iis
271 3738 299 3779 et
334 3736 569 3785 commemoratam
600 3739 721 3785 statuere
765 3747 919 3790 truncorum
937 3738 1024 3791 instar
1039 3750 1127 3792 erant.
1169 3743 1201 3794 ld
1219 3754 1288 3795 vero

200 3799 345 3864 debemus,
371 3805 440 3864 quod
467 3803 592 3865 stipites,
625 3803 670 3866 qui
693 3803 722 3853 in
765 3819 817 3857 nou
842 3817 876 3856 ex
899 3809 941 3858 bis
959 3811 1062 3860 demunt
1082 3812 1175 3862 verbis
1193 3800 1288 3878 colligi

200 3878 250 3920 eos
268 3868 491 3939 demitterentur,
512 3873 547 3921 ab
566 3872 658 3924 intimo
675 3885 719 3922 ra·
764 3889 879 3925 necesse
902 3887 961 3945 est,
986 3892 1046 3930 enm
1065 3879 1192 3948 stipites,
1218 3895 1287 3944 quos

200 3935 339 3987 vinciendi
369 3948 471 3990 essent.
525 3943 611 4001 Quam
642 3941 721 4004 longe
765 3945 891 3995 abscisos
914 3949 1088 4015 accepimus,
1118 3951 1177 4002 sine
1200 3952 1287 4002 ramis

104 4031 107 4036 ·
201 4016 273 4056 vero
310 4008 505 4075 pertinuerint,
549 4022 601 4060 noo
634 4009 724 4073 magis
766 4013 891 4077 cognatis
926 4029 961 4067 ue
992 4020 1144 4081 potuissent
1180 4022 1287 4085 quidem

201 4086 282 4137 qnam
296 4075 465 4128 latitudinem
479 4089 572 4129 earum
587 4080 723 4130 docemur.
766 4083 887 4150 abscidi,
910 4084 965 4136 nisi
990 4089 1126 4142 stantibus
1144 4091 1234 4142 adbuc
1259 4091 1287 4142 bi

201 4143 335 4199 Nimirum
347 4156 400 4198 noo
417 4146 510 4199 eedem
525 4146 648 4201 omnibns
662 4149 724 4200 lon·
767 4152 836 4205 rami
854 4153 951 4207 deiecti
969 4163 1079 4227 essem,
1098 4160 1169 4224 qood
1184 4162 1288 4215 iactum
