2700 4726
153 276 222 344 loo
411 275 483 344 DE
512 273 695 344 BELLO
725 273 972 345 (inculco

153 463 243 543 alios¹
260 460 435 528 iracundia
455 469 490 528 ot
508 465 701 546 temeritas,
725 485 813 551 qnae
836 464 976 530 manime
994 464 1048 531 illi
1066 464 1237 531 hominum

153 552 268 638 generi
290 561 344 618 est
365 555 500 632 innata,
526 562 564 617 ut
586 554 691 618 levem
716 551 920 628 auditionem
945 552 1090 618 habeant
1111 575 1175 641 pro
1200 576 1237 619 re

110 646 324 729 iiconperta.
367 638 462 704 Boua
489 639 609 706 civium
634 639 861 707 Romanorum
890 640 1075 728 diripiunt,
1114 639 1236 706 caedes

110 726 289 809 illiciunt,
309 728 344 790 in
368 724 563 792 servitutem
587 727 799 795 abstrahunt.
843 727 998 794 Adiuvat
1017 749 1092 794 rem
1110 729 1236 817 procli·
1261 781 1265 794 .

151 824 264 887 natam
296 813 572 882 Convictolitavis
605 816 805 904 plebemque
836 816 879 881 ad
909 817 1060 899 furorem
1088 817 1238 905 inpellit,

109 899 192 969 dut
212 903 360 968 facinore
383 899 531 967 admisso
556 902 600 967 ed
623 904 803 969 sanitatem
824 907 951 971 reverti
964 904 1102 990 pudeat.
1144 905 1238 971 Mar-

149 1011 224 1058 cum
247 989 438 1069 Aristium,
458 991 629 1055 tribunum
656 992 824 1064 militnm,
847 991 915 1056 iter
935 993 977 1055 ad
997 992 1162 1076 legionem
1184 993 1236 1059 fa-

149 1079 292 1146 cientem
318 1075 385 1144 iide
412 1077 491 1143 data
517 1099 559 1143 ex
573 1079 713 1189 ¹oppido
736 1077 911 1147 cavillono
934 1078 1094 1149 educunt.
1137 1077 1235 1147 Idem

219 1268 466 1350 conpertaJ'nong.
481 1288 514 1336 Δ.
532 1285 597 1336 l’nr.
614 1287 649 1339 A.
666 1296 719 1336 non
736 1297 828 1350 comp.

216 1354 244 1417 s.
263 1354 283 1406 4
299 1352 417 1422 inpellit]
437 1356 500 1405 Par.
519 1358 553 1407 A.
571 1352 668 1421 (lioug.
686 1359 735 1415 ll.)
752 1369 807 1407 non
822 1357 889 1420 imp.

180 1426 316 1547 Αῐῗοὲιί
341 1427 453 1488 pudeat]
478 1438 506 1488 p·
529 1438 556 1480 r.
580 1426 658 1478 [reid.
684 1422 717 1474 Α.
743 1425 794 1476 01.
820 1429 876 1492 „el
898 1421 977 1477 aiii“
1001 1428 1072 1477 Har.
1091 1427 1126 1476 A.
1153 1423 1236 1474 vinu.

208 1527 214 1542 .
260 1504 304 1544 n.

215 1564 242 1623 S.
260 1565 277 1616 5
297 1561 440 1629 Aristion]
464 1561 596 1614 liciatum
614 1564 698 1626 Bong.
717 1557 747 1614 C.
768 1565 816 1614 lir-
834 1566 867 1614 ll.
887 1564 968 1615 vind.
986 1562 1038 1614 lic.
1056 1562 1233 1626 Ramnlier.

180 1633 252 1700 „cui
279 1641 374 1694 postea
398 1633 554 1693 proconsuli
578 1633 693 1695 scripsit
711 1633 809 1685 (licere
826 1633 904 1685 Fam.
921 1636 938 1683 l.
958 1634 1001 1689 ia.
1020 1630 1073 1682 e'lsl
1090 1642 1233 1695 perperam

179 1702 219 1752 ini
236 1702 335 1752 Aristo
353 1700 460 1764 legitur.
471 1698 491 1730 “
516 1701 709 1764 Giandorpine.
745 1703 858 1753 scillcet
875 1703 995 1764 epistola
1013 1701 1089 1752 illius
1108 1701 1172 1751 libri
1190 1700 1234 1751 50.

179 1772 209 1823 in
232 1773 290 1820 cod.
315 1770 385 1821 llled.
410 1771 519 1836 Aucto,
551 1771 580 1822 in
602 1773 666 1822 aliia
685 1772 752 1840 clii,
783 1773 884 1823 Aristo
904 1773 1027 1822 Procas:
1040 1770 1174 1832 inscripta
1191 1772 1235 1819 est

180 1842 209 1892 in
228 1839 389 1907 Victoriana
414 1842 458 1889 ed.
477 1842 580 1908 prima,
605 1853 660 1904 qua
680 1854 748 1892 usus
768 1841 950 1905 Glaudorpins
968 1841 1143 1892 temerarium
1161 1839 1233 1889 indl-

179 1909 250 1961 cinm
267 1908 344 1959 iecit.

214 1981 268 2029 fide
286 1975 362 2044 daia]
387 1979 415 2030 d.
434 1979 456 2044 f.
474 1980 546 2032 llav.
563 1979 601 2028 A.
616 1977 699 2029 Vind.
716 1982 750 2036 A.
769 1983 798 2032 ct
814 1981 924 2045 eadem,
943 1981 974 2030 nt
991 1979 1118 2046 videtur,
1136 1982 1232 2029 ancto-

178 2047 272 2111 ritate,
293 2061 347 2113 qna
364 2047 391 2107 S.
409 2046 690 2113 lacedaemonii,
711 2051 778 2100 ond.

213 2118 370 2179 cavillono]
387 2117 523 2167 Cavilono
536 2118 632 2169 lleml).
649 2119 799 2169 Cauillono
814 2117 893 2169 vind.
910 2117 953 2166 cl.
967 2115 1135 2167 Cauillonao
1149 2115 1233 2166 Vind.

179 2189 213 2238 A.
238 2194 266 2237 et
283 2196 353 2239 ceste
371 2188 532 2237 Acheintrio
550 2187 670 2237 Parislni
689 2187 819 2243 nonnulli.
845 2187 1019 2237 Uecillonce'o
1035 2186 1107 2234 flav.
1125 2189 1159 2235 Α.
1177 2185 1234 2236 Oa-

177 2256 280 2308 ln'llone
303 2258 376 2310 Patr.
401 2257 474 2307 llist.
494 2256 544 2320 17,
568 2256 611 2308 17.
637 2256 779 2309 Cabillono
797 2257 876 2308 lucr.
895 2261 923 2306 el
939 2269 997 2319 sqq.
1016 2256 1094 2304 nulla
1111 2255 1234 2305 codicum

141 2424 212 2478 enim
244 2425 363 2479 avaritie
394 2429 430 2478 ad
457 2428 537 2478 iidem
562 2423 676 2476 nunciis
708 2423 754 2475 vis
774 2427 881 2487 plenem
898 2426 931 2475 ad
951 2425 1071 2476 furorem
1090 2424 1233 2488 impellen-

46 2504 52 2516 “
140 2494 262 2549 Litavici
281 2496 582 2556 habendamimpcllere
597 2507 666 2545 nou·
707 2495 744 2543 ils
763 2498 790 2545 et
807 2509 886 2558 qrram
906 2495 1146 2568 venementisslme
1164 2507 1231 2546 con-

140 2566 232 2615 uullos
246 2565 373 2629 potnerit,
385 2565 448 2629 qula
462 2564 584 2615 homiues
595 2565 665 2626 quod
708 2563 820 2615 citantis
838 2565 914 2629 ideo,
932 2573 962 2613 nc
979 2564 1088 2614 facinus
1107 2566 1232 2615 commin-

140 2634 246 2697 volunc,
265 2633 375 2683 facilius
392 2636 517 2697 creduut,
535 2633 666 2696 qrromodo
707 2635 794 2698 ieret,
817 2647 869 2696 quo
886 2645 946 2683 earu
965 2633 1084 2684 admisso
1101 2635 1136 2684 ad
1154 2634 1233 2685 sani·

139 2702 284 2753 iracundia
314 2704 426 2754 efficere
452 2704 522 2753 idem
550 2707 665 2768 poterat,
708 2704 791 2753 tatem
805 2705 908 2754 reverti
920 2705 1039 2764 puderet.
1066 2703 1136 2765 Nem
1150 2703 1234 2763 animi

111 2820 115 2829 ,
141 2783 212 2834 qnae
229 2770 284 2821 nisi
304 2774 396 2823 nablia
413 2774 466 2823 ilde
480 2771 599 2821 existere
612 2784 666 2822 nou
708 2773 918 2823 concitationem
949 2774 977 2822 ci
1002 2783 1128 2833 errrorem¹
1149 2772 1233 2825 interi

140 2835 298 2906 pornissct‘i
333 2845 425 2906 Neque
441 2843 667 2892 verolecisan-
708 2842 737 2890 ei
765 2853 899 2892 excusare
928 2841 1018 2891 minus
1048 2843 1144 2891 durum
1160 2845 1231 2905 est,

139 2912 213 2967 ditio
237 2914 299 2963 eret
326 2911 496 2964 mendacium
522 2911 555 2959 dc
581 2911 667 2960 caede
707 2922 788 2972 qnam
810 2911 938 2963 'iocinore
970 2910 1089 2962 admisso
1123 2911 1232 2974 culpam

139 2983 257 3049 equitum
276 2989 304 3029 ec
322 2981 472 3045 principum
491 2992 540 3039 per
557 2978 667 3030 nuntios
708 2980 848 3044 conticeri,
879 2982 949 3042 qnod
966 2981 1001 3029 ad
1019 2980 1164 3030 sarriialem
1182 2994 1230 3030 re-

81 3098 88 3105 ,
140 3052 260 3106 Litavicl
282 3055 340 3102 cole
358 3052 474 3103 civitate
491 3051 664 3100 Haeduorum
706 3049 825 3098 vertenti
849 3050 942 3100 iacere
957 3060 1072 3100 necesse
1090 3052 1141 3098 est.
1178 3052 1230 3101 lli-

139 3125 317 3184 divulgatum.
342 3124 394 3172 sed
408 3120 561 3173 tomeritaie
575 3120 665 3171 Gallis
704 3119 806 3168 fecium
841 3119 961 3181 scriptor
992 3121 1229 3181 demonstraturus

137 3195 178 3245 iia
198 3194 305 3257 innata,
335 3194 480 3258 ut-levem
499 3189 663 3241 auditionem
705 3201 759 3238 non
784 3190 820 3239 at
843 3189 976 3254 facinora
1000 3188 1229 3254 admisso—pn-

138 3263 257 3315 habeant
274 3272 322 3322 pro
341 3274 374 3312 re
394 3263 550 3322 comperta,
577 3260 661 3310 lienat
702 3259 780 3323 deci,
799 3259 857 3321 sed,
876 3258 901 3308 si
922 3273 971 3321 per
987 3259 1133 3309 variantem
1154 3259 1227 3310 licu-

137 3333 238 3384 nilide
257 3329 661 3383 lenitamendaciolrecuudia
701 3326 786 3392 isset,
820 3330 855 3377 ut
888 3329 1003 3393 facim
1032 3329 1227 3391 conamitiant,
1242 3349 1257 3360 r

137 3401 246 3465 impulsi
264 3401 361 3452 caedes
380 3403 506 3451 iacerem
522 3403 576 3448 etc.
701 3397 784 3448 culus
808 3398 922 3461 pudore
944 3399 983 3450 ad
1001 3397 1160 3449 sanitatem
1178 3411 1228 3469 rc-

190 3470 216 3531 s.
241 3467 259 3519 4
288 3473 319 3521 ut
341 3469 465 3520 facinore
485 3468 606 3520 admisso
625 3470 660 3519 ad
701 3467 782 3518 cerii
821 3468 1013 3539 prolioenlar
1058 3467 1227 3527 scripsisset.

97 3574 99 3581 ·
136 3544 281 3592 sanitatem
299 3541 406 3590 reverti
425 3540 538 3601 pudeat]
557 3538 660 3588 lcerum
702 3536 816 3587 Furoris
840 3537 911 3586 euim
936 3537 1050 3586 eileccns
1070 3547 1124 3586 uou
1142 3539 1227 3599 pudor

136 3613 208 3661 male
233 3609 387 3672 Wagnerir
411 3634 447 3646 -
470 3610 512 3663 nat
530 3609 576 3662 bns
595 3607 660 3662 ticli
702 3613 754 3668 est,
774 3607 822 3654 scd
836 3607 952 3671 lacinus,
965 3608 1034 3668 qnod
1049 3605 1126 3668 sequi
1141 3609 1226 3668 pudor

136 3679 163 3732 in
187 3679 237 3733 eine
261 3677 334 3742 [iidie
358 3679 440 3746 anati
464 3677 585 3743 carietto,
613 3677 659 3742 boi
702 3679 808 3739 potest,
832 3673 859 3743 in
878 3676 936 3726 illis
954 3689 1040 3741 vero,
1058 3683 1088 3724 ui
1107 3687 1225 3746 euentus

137 3753 163 3801 ea
179 3747 237 3812 fid),
254 3746 312 3811 aad)
330 3748 443 3802 tarditat
457 3749 535 3815 ποατ)
551 3744 658 3811 [daimon
702 3745 801 3810 docuit,
820 3756 872 3795 nou
889 3747 1061 3807 sequebatur.

135 3818 234 3881 munte,
263 3817 309 3870 ban
338 3818 424 3886 {ionic
449 3813 594 3884 cingulanae.
623 3841 659 3852 -
696 3846 698 3853 ·
752 3817 779 3879 s.
801 3813 818 3865 5
843 3815 929 3884 lderp]
960 3817 1030 3878 qnod
1046 3815 1142 3866 iacere
1157 3813 1224 3865 Ari-

133 3886 194 3936 and
211 3885 301 3937 traici
320 3887 376 3936 den
389 3886 473 3936 Pelei
485 3897 543 3935 zur
559 3884 658 3950 Wotla,
701 3884 782 3937 stium
800 3886 964 3948 coegerant,
991 3897 1068 3947 quem
1089 3883 1142 3933 ide
1160 3885 1225 3935 daia

134 3955 212 4019 does,
232 3953 307 4003 nacla
325 3957 465 4006 corditer
485 3954 605 4021 Untlroi,
622 3965 657 4006 er
700 3969 735 4005 cx
765 3955 863 4018 oppido
884 3954 1028 4005 cavillono
1058 3955 1225 4014 eduxerant;

133 4023 193 4076 sicle
218 4023 333 4075 ecldmt
348 4037 406 4076 aar
423 4025 587 4090 nerianum
603 4037 658 4075 aa·
700 4025 780 4076 cuius
800 4024 916 4076 accionis
934 4023 990 4075 vim
1009 4023 1110 4088 aliern,
1141 4024 1225 4075 aliam

133 4094 365 4146 marchelmo.
400 4096 461 4145 Nou
472 4093 595 4158 effectus,
608 4095 658 4146 sed
700 4096 817 4158 speciem
829 4092 918 4146 ronse
932 4095 957 4143 ln
971 4094 1143 4147 nocemur.
1166 4094 1226 4144 lca-

135 4161 277 4217 conaillun
294 4162 440 4232 ⁵indicator
458 4159 656 4218 conviciollce·
700 4175 751 4230 quc
778 4167 857 4232 plene
884 4162 1129 4229 interpungendum
1145 4162 1227 4225 *init
