2700 4726
406 292 615 367 tibin.
659 294 848 369 cemos
884 362 886 367 .
1102 304 1169 373 519
1200 404 1217 423 .

79 488 158 551 erat
190 481 352 572 oppidum
379 484 415 550 in
445 484 534 550 celle
562 505 712 566 summo,
747 484 928 558 admodum·
955 484 1048 554 edito
1069 489 1165 572 ioeeq
1238 486 1240 491 ’

79 579 122 637 ut
141 570 210 638 uisi
229 571 406 639 obsidione
425 594 465 638 ex
490 573 613 658 nguari
633 594 699 640 non
719 594 824 659 posse
843 573 1036 657 videreturq
1066 578 1164 645 cuiue
1185 594 1208 659 2

78 660 181 726 collis
209 657 342 727 radices
366 658 433 726 duo
461 595 594 728 luanus
624 681 665 727 ox
693 661 850 749 pertibus
873 661 1009 730 flumina
1030 663 1169 731 sublue-

114 851 261 916 legendnm
279 848 369 900 videri
393 861 477 912 nosse
501 849 569 902 dicit
596 862 653 915 quo
671 847 834 903 mouturam
845 853 964 916 partem
980 852 1168 920 confidebant.

118 921 173 971 sed
193 918 309 970 nominis
327 921 477 986 coercitus
493 919 644 985 genitivum
663 930 698 971 ea
716 919 852 972 sententia
867 933 921 972 non
937 923 1070 988 admittit,
1086 937 1167 989 quem

32 994 36 1007 ¹
117 989 168 1039 ille
188 989 280 1039 temen
304 989 333 1039 in
356 991 397 1039 ed.
417 994 435 1042 2
457 990 635 1055 domminus,
660 1000 742 1050 quam
763 988 791 1040 in
811 991 827 1039 1
848 989 943 1042 tenuit.
985 993 1166 1046 &annuenda
1181 1044 1196 1071 ³

117 1058 202 1122 igitur
219 1057 299 1107 buius
317 1060 465 1121 eademque
482 1058 572 1120 Liqsii
595 1056 734 1119 scripture
756 1058 826 1123 mit,
850 1071 932 1121 quam
947 1060 1041 1122 opuml
1056 1063 1166 1114 codices

114 1127 157 1177 ita
181 1129 312 1177 mumioni
335 1129 478 1196 exhibent,
502 1133 611 1180 utnon
634 1125 750 1193 calami,
775 1131 825 1180 sed
848 1128 943 1180 iudicii
967 1142 1064 1182 errore
1090 1133 1167 1184 lacte

114 1195 229 1248 mutatio
246 1195 383 1248 videatur.
683 1238 687 1247 .

152 1263 379 1332 circumvallare]
415 1268 486 1316 Ante
510 1265 577 1328 boo,
602 1267 674 1328 qnod
697 1265 728 1317 in
754 1266 852 1318 llamb.
881 1266 1166 1335 circumvelamine
1239 1328 1242 1337 Ι

114 1331 186 1385 Ven.
204 1334 248 1383 cd.
273 1335 483 1397 circumnectere
508 1334 719 1402 scriptumest,
744 1337 1111 1400 numerumnunerum,
1133 1340 1166 1388 nt

112 1403 173 1454 Pet.
197 1402 280 1454 Febr.
297 1405 369 1454 liav.
388 1407 422 1454 A.
450 1399 529 1453 Vind.
542 1405 577 1456 A.
593 1405 656 1469 vel,
680 1406 711 1455 ut
728 1405 776 1460 iir.
796 1408 824 1455 B.
842 1406 893 1458 Vr.
911 1406 942 1457 c.
959 1414 988 1457 et
1005 1419 1023 1458 a
1039 1419 1074 1456 m.
1092 1419 1116 1453 s.
1133 1406 1167 1457 li.

114 1471 196 1522 Gotb.
212 1472 270 1521 AB.
298 1473 378 1524 vind.
398 1472 515 1525 ciidbi.
540 1480 586 1537 ee,
612 1484 682 1536 quee
709 1473 750 1524 ite
775 1476 881 1541 solent,
910 1475 970 1525 edd.
995 1482 1057 1526 ante
1079 1474 1168 1541 laipsq

114 1540 264 1604 Aletrium,
290 1545 359 1604 quod
385 1545 458 1593 teste
482 1541 552 1595 ond.
576 1542 606 1592 in
624 1543 707 1605 nong.
728 1545 762 1594 A.
789 1544 874 1595 Voss.
893 1537 975 1594 ABG.
998 1543 1169 1608 lignedon.
1250 1606 1257 1611 ,

113 1611 184 1663 ιον.
208 1609 284 1660 held.
302 1610 353 1675 c.‚
377 1623 434 1664 sec.
453 1609 536 1665 liebri
554 1610 584 1661 iu
601 1612 671 1662 Lov.
689 1611 758 1663 libb.
784 1612 902 1676 itemque
918 1613 948 1662 in
965 1612 1048 1675 Bong.
1067 1609 1101 1663 A.
1125 1613 1167 1664 m.
1338 1668 1345 1689 .

113 1679 177 1731 Por.
191 1682 226 1730 A.
243 1679 316 1730 Geta
334 1682 402 1734 Wb.
421 1682 468 1731 Dr.
484 1683 516 1731 A.
537 1673 613 1732 Vrat.
625 1681 659 1730 A.
680 1688 708 1731 et
724 1693 743 1732 e
758 1694 794 1730 m.
809 1695 850 1745 qr.
864 1682 893 1731 li.
905 1682 1003 1733 flamb.
1017 1681 1071 1731 tiu.
1084 1680 1168 1733 Vind.

113 1749 146 1799 B.
165 1747 218 1800 inc.
237 1749 365 1800 omissum
379 1758 459 1807 <recte
476 1746 569 1799 omitti
589 1749 711 1812 potuisse
731 1751 810 1800 docet
827 1751 956 1813 Aqireins
973 1752 1076 1803 collato
1094 1763 1118 1802 c.
1134 1752 1167 1801 11

114 1815 194 1868 initio
212 1820 278 1868 boc:
303 1819 405 1870 Altero
422 1819 573 1882 dierorum
599 1818 638 1868 cd
655 1817 788 1881 oppidum
806 1821 950 1870 Senonum
972 1820 1167 1872 Veilmrncrlu·

115 1898 189 1936 num
202 1887 348 1950 recuset,
365 1900 402 1938 ne
423 1899 506 1952 quem
521 1886 588 1951 ccci
603 1886 762 1938 sebastem
779 1889 973 1954 relinqueret,
1002 1902 1059 1954 qao
1076 1900 1167 1953 eone·

116 1955 226 2008 ditiore
243 1967 278 2006 re
296 1957 500 2021 proruenteric
515 1956 670 2021 ureretur,
695 1969 864 2023 ocnuqncre
881 1956 1022 2009 institnit.
1056 1952 1168 2008 [datum

116 2033 208 2075 amem
227 2037 264 2074 ex
282 2026 459 2087 sequentibus
477 2024 617 2089 suspicor,
642 2025 786 2088 inquibus
804 2025 902 2078 Alesia
919 2036 1017 2077 nomen
1032 2028 1067 2076 ad
1085 2027 1168 2091 oppt-

115 2094 185 2146 dcm
207 2095 344 2144 adiectum
368 2095 397 2144 in
420 2094 518 2145 iisdem
539 2092 694 2157 codicibus,
725 2093 772 2157 qni
796 2097 822 2145 b.
841 2096 860 2145 l.
882 2094 1007 2146 Alesiam
1030 2093 1168 2160 omittunt,

115 2162 231 2215 citerius
248 2162 421 2215 recensionis
438 2160 544 2214 auctori
558 2172 655 2212 ansam
667 2162 828 2224 praebuisse
840 2162 960 2230 ridetur,
977 2166 1008 2214 ut
1019 2163 1064 2213 bic
1075 2165 1168 2226 potius

116 2232 254 2285 insereret
270 2245 384 2298 nomen,
406 2232 452 2282 ubl
468 2240 496 2280 ec
514 2229 602 2294 magis
624 2232 650 2280 id
669 2232 772 2292 requiri
789 2236 818 2283 et
835 2231 947 2283 lucilius
963 2232 999 2283 ad
1016 2232 1168 2296 sequentia,

118 2302 145 2352 ei
166 2314 235 2363 opus
252 2303 343 2364 esset,
363 2312 445 2364 posse
466 2299 590 2351 adbiberi
607 2299 781 2363 intelligeret.

153 2384 222 2446 Can.
239 2387 284 2440 69.
307 2384 333 2446 s.
353 2386 368 2434 1
386 2385 525 2449 eqqidum]
555 2383 628 2435 lluic
645 2385 713 2436 ond.
734 2383 842 2435 codices
861 2392 955 2435 omnes
971 2382 1168 2457 praetertAu'd.

118 2462 148 2505 et
166 2454 217 2504 Ox.
234 2464 299 2504 cnm
315 2456 358 2505 ed.
374 2455 429 2507 inc.
445 2454 542 2506 Alesia
559 2454 694 2504 adiectum
714 2455 813 2504 babere
838 2466 883 2515 „e
901 2452 1032 2508 Glossa“
1056 2454 1170 2507 tradens

117 2525 152 2572 de
180 2523 318 2574 codicibus
341 2526 432 2575 falsus
454 2524 572 2576 videtur.
613 2523 758 2572 Adiectum
788 2521 856 2572 illud
881 2530 925 2572 est
949 2521 979 2574 in
1003 2521 1082 2574 carr.
1109 2523 1169 2575 co'd.

116 2593 198 2645 Ture.
225 2592 358 2651 (neema)
385 2594 443 2643 Pet.
472 2593 545 2642 (ient.
568 2594 644 2654 Egm.
670 2591 740 2644 hor.
764 2590 833 2644 Lbb.
856 2595 900 2653 et,
925 2593 970 2654 qni
987 2605 1024 2644 ee
1045 2604 1129 2655 snper
1152 2602 1169 2643 e

115 2663 214 2723 babet,
233 2660 316 2711 Voss.
329 2663 364 2714 A.
382 2663 464 2713 liobr.
479 2661 539 2710 Pet.
552 2668 581 2711 et
593 2662 676 2722 Bong.
691 2661 721 2711 c.
739 2660 823 2711 conii.
842 2660 926 2724 Bong.
940 2664 973 2711 A.
992 2662 1034 2715 Pl.
1054 2663 1120 2712 Par.
1133 2663 1170 2712 A.

115 2730 166 2782 Dr.
179 2727 215 2781 A
239 2733 320 2782 Vret·
338 2735 370 2781 A.
397 2739 426 2780 et
442 2743 461 2780 a
475 2742 511 2784 m.
528 2741 571 2790 Pr.
589 2729 620 2778 Β.
640 2728 736 2779 llamb.
760 2728 896 2787 (briecio)
920 2731 971 2780 tiu.
989 2731 1073 2781 Vind·
1092 2730 1113 2779 li
1131 2733 1170 2796 et,

117 2797 164 2863 qul
181 2799 302 2864 diocia,
326 2797 372 2849 cl.
400 2798 530 2848 omissum
547 2810 615 2848 vero
639 2809 692 2848 non
710 2799 797 2848 solum
820 2798 849 2847 in
867 2798 944 2863 edd,
971 2799 1020 2848 sed
1040 2797 1122 2851 etiem
1140 2798 1169 2848 in

116 2869 191 2919 Hor.
207 2870 241 2920 A.
261 2871 307 2921 Dr.
326 2869 357 2918 B.
376 2869 456 2917 Vrot.
475 2866 508 2918 G.
533 2867 612 2918 Goth.
629 2867 685 2915 Aa.
704 2867 786 2917 vind.
804 2866 925 2924 Albula
944 2864 993 2918 Cu.
1011 2867 1092 2920 Febr.
1110 2866 1169 2919 Pol.

118 2932 221 2995 Conss.)
258 2939 317 2996 Qua
334 2937 458 2986 codicum
478 2934 663 2996 discrepantia
681 2947 743 2984 cnm
762 2945 812 2998 ea,
832 2947 902 2998 quae
920 2933 1073 2998 superioris
1092 2935 1171 2998 capi·
1230 2966 1236 2972 ·

117 3004 157 3056 tis
170 3005 198 3054 in
211 3005 264 3056 line
278 3006 413 3069 apparuit,
430 3005 534 3056 collata
546 3001 688 3066 utrobique
701 3014 829 3066 generum
844 3002 1032 3057 diversitatem
1044 3002 1168 3058 animad-
1274 3064 1276 3071 Ι

117 3075 227 3124 vertere
250 3073 326 3125 licet.
367 3076 461 3136 Neque
484 3083 553 3123 vero
577 3070 686 3124 meliori
709 3071 805 3136 generi
829 3071 959 3125 maiorem
983 3077 1008 3124 b.
1026 3077 1064 3140 1.,
1089 3086 1169 3136 qnam

117 3142 248 3194 deteriori
272 3154 356 3206 supra
379 3144 459 3195 fidem
476 3142 579 3192 babere
597 3153 723 3206 possum,
749 3149 777 3191 et
793 3140 891 3194 Alesia
908 3154 1006 3194 nomen
1022 3156 1084 3194 cum
1101 3141 1170 3192 ond.

117 3225 153 3264 ex
170 3211 394 3278 interpolatione,
419 3213 468 3262 sed
485 3209 634 3262 vetustiori
648 3209 755 3261 illatum
770 3214 855 3341 poth
1121 3214 1137 3239 ⁴

152 3279 306 3344 expugnari
330 3293 385 3333 non
408 3294 490 3345 posse
511 3280 666 3342 videretur]
703 3279 737 3330 In
759 3280 810 3330 Dr.
856 3291 944 3328 naon
973 3276 1045 3330 inter
1070 3290 1171 3329 versus

117 3349 267 3414 seriptum,
286 3351 313 3400 in
331 3352 414 3404 Vind.
427 3348 461 3402 A.
479 3350 626 3414 omissum,
644 3350 672 3398 in
690 3342 759 3400 Ano.
776 3346 828 3397 ox.
844 3345 894 3413 Cu.
910 3345 986 3414 held.
1001 3350 1035 3397 A.
1053 3348 1125 3398 liar.
1135 3350 1170 3399 A.

118 3424 188 3470 ente·
206 3420 363 3470 nideretur
388 3421 504 3484 qosltnm
527 3432 612 3483 eoque
630 3421 691 3470 loco
715 3419 750 3468 ab
769 3416 836 3467 ond.
854 3414 955 3466 editum
975 3419 1034 3479 est,
1060 3428 1122 3468 cnm
1141 3416 1171 3468 iu

118 3487 233 3552 reliquls
259 3489 399 3539 codicibus
423 3491 546 3539 omnibns
564 3501 623 3538 nnn
641 3498 724 3551 posse
745 3487 870 3550 legatur,
894 3495 974 3547 quem
993 3484 1053 3546 iqse
1071 3487 1171 3549 vulge-

121 3561 177 3606 tam
196 3555 360 3618 scriptoram
378 3570 442 3609 esse
459 3560 553 3621 docet,
572 3558 692 3608 mutatae
709 3555 843 3606 rationem
858 3566 913 3605 non
928 3553 1027 3603 reddit.
1060 3554 1171 3615 Kreys-

121 3623 193 3688 sigio
208 3637 257 3688 pro
274 3624 388 3677 diversa
406 3627 537 3677 orationis
556 3633 696 3678 structura
711 3626 855 3686 utrumqne
877 3622 946 3673 terri
964 3633 1047 3685 posse
1070 3625 1099 3673 et
1120 3634 1170 3675 eo·

121 3695 182 3743 dem
201 3695 291 3745 redire
304 3693 430 3761 videtur,
450 3706 539 3758 neque
556 3707 608 3761 ego
624 3705 678 3746 nou
694 3694 834 3744 ferendum
850 3691 965 3742 dixerim
982 3693 1051 3755 quod
1067 3690 1172 3754 nisenii

121 3763 332 3827 Oudendorqi03
365 3767 414 3815 sed
439 3766 556 3816 alterum
580 3760 738 3815 accuratius
761 3762 861 3812 dietum
885 3763 914 3810 et
938 3759 1085 3823 scriptoris
1107 3758 1172 3813 usui

120 3833 333 3883 convenientius
352 3840 404 3883 est.
440 3831 483 3883 cl.
502 3847 526 3882 c.
544 3830 579 3883 55
597 3830 625 3893 8.
645 3832 696 3897 10,
719 3843 800 3895 quem
816 3831 906 3881 locum
923 3828 1103 3894 Kreyssigins
1120 3830 1185 3882 w

121 3900 225 3952 bibnit:
251 3904 286 3952 ut
301 3903 416 3954 omnino
432 3902 508 3954 uode
526 3914 586 3952 non
600 3912 686 3967 posse
702 3899 833 3952 transiri
846 3897 1010 3950 uideretur.
1031 3908 1059 3950 en
1077 3894 1111 3964 5,
1134 3894 1170 3951 m

121 3969 149 4030 s.
168 3973 199 4020 3:
227 3972 304 4036 qnod
325 3985 360 4022 ee
381 3984 440 4021 non
462 3982 546 4034 posse
569 3969 790 4034 introrumpere
808 3968 992 4022 uidebantur.
1020 3976 1048 4018 en
1064 3967 1132 4022 Gir..
1143 3971 1170 4033 1,

121 4036 160 4089 ei
182 4037 209 4100 ς’.
228 4041 261 4090 b:
284 4052 408 4106 qnorum
431 4042 486 4092 aut
508 4038 622 4095 umerus
644 4041 697 4094 aur
718 4041 800 4093 eires
825 4037 1001 4092 uidebantur
1023 4036 1170 4092 enomere
1271 4048 1276 4054 ·
1312 4066 1318 4073 -

120 4120 181 4160 ocu
195 4120 291 4173 poree.

158 4176 187 4240 S.
205 4179 223 4228 2
242 4176 335 4247 onius]
359 4175 435 4230 illiue
450 4174 548 4230 linui.

884 4214 968 4311 35*
