2700 4726
375 276 587 377 tenen.
630 279 755 368 cnr.
778 286 824 361 ee
997 378 1003 388 x
1080 283 1148 353 ete

59 469 103 534 ab
120 465 265 554 reliquie
280 461 600 554 seperare'audent.
641 467 743 539 Inviti
764 491 915 539 summae
935 470 1012 560 spei
1032 469 1148 538 edule-
1170 488 1193 551 9
1233 508 1234 515 κ

59 564 196 623 scentes
209 552 418 644 Eporedorix
437 562 473 620 et
480 555 720 625 Viridomarus
729 557 1004 648 Vercingetorigi
1017 567 1150 648 parent.

59 647 119 715 61.
148 641 215 710 Ille
245 643 392 729 imperat
421 644 563 732 reliquie
593 644 791 714 civitatibus
818 646 970 730 obsident
1008 648 1150 736 deniqne

98 831 245 886 Uticenses
261 842 319 896 pro
338 830 507 898 quidusdam
520 834 654 889 Caesaris
671 835 702 886 in
718 847 750 889 re
765 833 908 903 beneflciis
918 837 963 889 oet
976 837 1151 894 amicissimi.

97 906 166 954 ltem
183 903 244 952 dtr.
264 903 308 966 90,
328 905 357 951 1:
375 905 491 969 pretias
506 916 563 969 pro
580 919 681 959 eorem
698 917 771 973 erpa
787 918 818 959 ee
832 908 931 959 studio
943 909 1014 975 epit.
1049 910 1152 961 Eodem

96 972 239 1038 pertinent
258 973 284 1035 1,
306 971 340 1020 19
358 973 386 1034 s.
403 978 420 1023 2
439 985 579 1025 snntmnm
595 978 626 1026 in
644 989 675 1027 ee
691 977 882 1027 voluntatem.
906 976 932 1036 9,
950 977 968 1028 4
986 975 1014 1039 S·
1032 981 1050 1028 9
1067 989 1151 1043 epre-

96 1042 176 1109 9iem
197 1040 231 1091 in
247 1052 280 1091 se
296 1042 483 1094 veluntatem.
512 1043 574 1093 civ.
595 1048 622 1110 2,
640 1047 675 1095 22
693 1043 719 1105 S.
737 1047 755 1094 θ
773 1055 830 1110 pro
847 1047 962 1101 mentite
979 1047 1011 1097 in
1028 1058 1060 1098 se
1075 1046 1150 1098 οἰοί-

96 1111 182 1164 tuiis.
216 1111 274 1160 Nec
293 1108 433 1173 discrepat
457 1113 492 1176 ⁵,
515 1115 552 1166 27
571 1115 598 1177 S·
618 1119 635 1167 9
655 1126 764 1178 cneque
782 1127 843 1166 eece
862 1117 1002 1167 etncmodi
1019 1115 1152 1181 imperia,

96 1183 132 1232 nt
149 1193 208 1230 nen
224 1180 318 1231 minue
335 1179 453 1233 inderet
469 1181 544 1232 iuris
561 1183 593 1234 in
609 1195 640 1234 ee
656 1184 811 1241 multitudo
820 1217 830 1251 ,
848 1199 934 1250 quern
950 1186 1011 1249 ipse
1027 1187 1059 1236 in
1076 1187 1152 1237 nem-

97 1250 262 1303 iitndinem.
304 1251 373 1300 Nam
399 1263 451 1313 quo
476 1250 507 1300 in
528 1264 559 1302 ee
576 1254 747 1306 referendum
766 1251 819 1314 sit,
840 1256 951 1306 dubium
967 1267 1031 1306 esse
1048 1254 1151 1316 nequit.

97 1321 179 1371 Vnus
196 1327 284 1369 restet
301 1319 391 1384 loeus,
408 1318 455 1382 qui
470 1321 591 1372 ordinem
611 1323 755 1374 verborum
772 1331 835 1372 ante
854 1324 920 1374 ond.
938 1325 1053 1388 vulgato
1071 1323 1153 1375 simi·
1247 1375 1251 1379 .

96 1391 152 1440 lem
169 1390 284 1455 hebeat,
302 1385 363 1437 Civ.
374 1391 413 1453 -1,
439 1389 458 1441 7
477 1391 503 1453 s.
525 1392 556 1440 1:
588 1390 714 1442 omnium
732 1393 895 1455 temporum
908 1392 1036 1444 iniurius
1055 1389 1154 1444 inimi·

98 1469 201 1510 cortem
217 1459 249 1506 in
266 1464 301 1506 ee
315 1461 528 1509 commemoret.
563 1457 593 1508 Id
610 1460 638 1510 in
656 1461 779 1512 codicum
793 1472 929 1513 consensu
943 1463 1084 1512 ferendum
1097 1461 1164 1513 ede

98 1542 150 1592 que
169 1540 256 1590 neque
274 1539 342 1578 vero
360 1529 394 1578 ed
414 1526 490 1578 litem
505 1539 598 1578 eorum
615 1530 814 1581 diiudicandum
835 1532 1013 1582 adhibendum
1031 1534 1082 1581 est.
1189 1590 1192 1599 Ι

134 1597 161 1658 s.
188 1598 206 1644 9
231 1597 434 1655 adulescentes]
466 1599 550 1660 Boug.
574 1600 608 1647 A.
632 1599 674 1649 ΡΙ.
691 1599 768 1655 (curn
786 1611 804 1648 o
822 1613 905 1660 super
920 1603 955 1659 n)
974 1605 1002 1651 et
1023 1600 1104 1651 Vind.
1121 1598 1153 1651 0.

100 1665 134 1716 lu
158 1665 240 1720 Goth.
263 1667 295 1712 A.
322 1678 341 1715 e
366 1676 385 1715 r
406 1679 442 1719 re.
461 1678 485 1717 e.
509 1679 593 1732 super
615 1665 914 1732 oporitdnt,in1’er.
933 1674 966 1722 A.
985 1670 1105 1722 edniiec.
1123 1669 1154 1720 in

99 1737 146 1786 Dr.
167 1735 223 1786 ΑΒ.
241 1735 338 1783 fleme.
357 1735 481 1785 edmeec.
501 1740 585 1799 vulgo
601 1736 724 1787 adolere.
743 1736 854 1800 legitur.

132 1804 202 1864 cap.
221 1801 265 1853 ct.
283 1801 309 1861 S.
328 1806 353 1855 1.
381 1804 444 1864 lile]
464 1806 536 1855 Han.
552 1809 586 1855 A.
603 1803 686 1855 Vind.
701 1805 789 1863 Ate).
810 1806 872 1856 Ald.
892 1821 949 1870 sqq.
966 1807 1029 1872 ipse
1050 1806 1154 1871 „MSS

101 1872 226 1935 plerique
235 1871 253 1899 ‘⁶
272 1872 354 1920 Voss.
372 1873 407 1925 A.
425 1875 503 1936 Egm.
520 1874 591 1923 Lon.
610 1873 685 1925 Gott.
706 1875 790 1936 Βοῦς.
807 1874 864 1925 Ac.
882 1877 946 1927 Par.
963 1881 998 1928 A.
1015 1878 1073 1928 Pet.
1092 1875 1154 1930 Pol.

100 1942 149 1992 Dr.
165 1940 220 1992 ΑΒ.
237 1941 404 1991 Vtetlilic.
423 1943 502 1993 Goth.
516 1944 572 1992 ΑΒ.
592 1944 688 1992 Hanno.
707 1944 758 1993 Gu.
776 1943 858 1993 Vind-
878 1946 995 1999 BDEFI.
1013 1947 1074 1996 edd.
1091 1952 1155 1997 onte

100 2008 164 2064 Ald.
185 2013 248 2060 item
267 2012 418 2060 Petrnrche
436 2011 479 2074 18,
496 2013 545 2074 323
565 2012 629 2077 qui,
647 2020 789 2074 postquam
803 2013 1013 2078 Eporedorigem
1031 2022 1059 2063 ct
1075 2012 1156 2064 Viri·

101 2080 241 2130 domatum
265 2088 320 2131 tum
345 2090 497 2141 agnoscere
521 2082 643 2141 potuisse
669 2079 754 2142 dixit,
788 2085 890 2143 quanto
913 2087 990 2132 esset
1012 2083 1155 2133 honestius

100 2151 152 2199 sub
171 2149 310 2212 caesare,
336 2160 417 2211 quam
434 2150 486 2198 suin
506 2148 733 2213 Vercingetorige
753 2148 888 2200 adversus
908 2153 1056 2203 Gaesarem
1079 2149 1156 2200 mili·

101 2222 179 2284 tere,
211 2219 251 2268 ita
275 2217 379 2282 pergit:
412 2217 480 2283 Ipse
504 2220 602 2270 entem
626 2217 741 2282 pridem
766 2217 882 2282 fectus,
912 2233 988 2270 nnnc
1012 2221 1157 2287 refectus,

101 2289 236 2354 qnodque
252 2288 296 2338 eet
315 2286 437 2354 fortine,
453 2287 639 2338 contentione
653 2289 836 2353 reformetur
852 2289 1017 2352 imperator
1033 2288 1155 2341 Vercin-

100 2357 222 2425 petenen
238 2369 291 2405 ene
309 2357 367 2408 iem
383 2358 418 2409 de
435 2359 518 2409 etetn
536 2358 649 2409 certior
665 2355 729 2422 cpit
746 2357 806 2409 mm
821 2361 929 2411 cuncto
943 2357 1081 2425 fidentius
1093 2358 1155 2411 edt-

101 2429 200 2492 citqne
225 2426 370 2482 ornne'dnc,
397 2428 432 2476 nt
456 2426 586 2492 equitnm
607 2428 721 2479 cerium
740 2438 894 2480 nnmerum
911 2427 1079 2496 conficient,
1105 2427 1156 2478 ed-

102 2498 352 2561 temperatumque
377 2496 452 2547 illico
476 2498 530 2548 eet·
566 2492 598 2546 In
622 2497 666 2546 leis
688 2496 750 2561 ipse
775 2505 850 2548 recte
875 2501 955 2549 hebet
978 2512 1031 2550 non
1055 2498 1157 2562 minue,

104 2578 184 2631 quem
205 2565 234 2614 in
253 2564 309 2614 illie
327 2564 457 2616 caeseris
482 2569 514 2630 1,
534 2568 569 2616 99
592 2564 618 2624 S.
637 2565 669 2619 5:
693 2566 757 2630 ipse
778 2568 877 2618 autem
898 2569 1069 2620 Ariouistus
1092 2575 1157 2631 etc,
1206 2630 1208 2635 Ι

104 2637 171 2702 quie
192 2636 292 2685 entem
315 2634 453 2697 particula
475 2637 622 2686 accedente
646 2644 674 2685 et
699 2635 809 2686 nomine
835 2637 946 2700 proprio
972 2638 1158 2700 subsequente

104 2717 193 2769 neque
213 2705 362 2754 nectendae
379 2700 495 2756 orationi
513 2716 603 2768 neque
621 2704 848 2758 demonstrandae
872 2719 1007 2769 personne
1029 2705 1158 2772 inservit,

104 2777 154 2826 sed
175 2775 265 2824 locum
285 2775 363 2822 tenet
385 2773 525 2823 ediectivi.
567 2773 620 2823 llic
644 2785 712 2824 vero
734 2786 881 2836 pronomen
905 2774 1054 2840 requiritur
1077 2775 1159 2837 idque

105 2841 365 2907 demonstrativum,
383 2854 436 2905 quo
453 2842 546 2903 aptius
562 2841 643 2890 simul
661 2850 742 2905 etque
760 2845 892 2896 usitatius
908 2843 1038 2908 scriptori
1054 2845 1159 2893 nullum
1263 2852 1266 2857 '

107 2916 179 2980 erat,
198 2925 277 2974 quarn
295 2911 353 2962 itte.
382 2910 424 2962 (ii.
444 2922 530 2973 supro
547 2923 571 2961 c.
586 2911 618 2960 12
637 2910 663 2971 S.
682 2911 716 2961 1:
733 2912 842 2965 oinium
860 2915 980 2967 Oceenri
996 2910 1159 2979 proficisci·

105 2987 167 3034 tur.
202 2981 256 3031 tlte
273 2979 414 3045 {oppidem
438 2981 604 3046 Bituripnm
620 3005 656 3015 -
680 2992 849 3046 eppnqnnre
872 2983 1058 3034 imtitnerct
1088 2978 1162 3057 4,1

105 3051 132 3113 s.
149 3049 182 3102 t:
207 3050 367 3101 Germanae
390 3050 523 3102 transire
541 3048 739 3122 prenitetant.
780 3051 843 3118 titi,
869 3054 965 3106 omniu
987 3052 1109 3118 ennerte
1124 3076 1160 3088 -

105 3120 331 3177 circulaverunt.

139 3191 268 3254 reliquis]
295 3186 402 3242 ceteris
421 3187 503 3240 vind.
520 3190 556 3240 Δ.

124 3345 152 3407 s.
164 3347 183 3394 9
195 3358 315 3396 summes
329 3343 388 3406 spei
395 3341 601 3412 adulescentes]
634 3345 708 3410 sunt,
722 3344 819 3394 fecere
835 3341 941 3407 sobet,
951 3345 1007 3402 ,sed
1023 3342 1061 3394 iis
1076 3345 1162 3394 rebus

69 3414 117 3467 Gt.
134 3414 168 3476 8,
188 3414 206 3465 8
224 3417 251 3478 s.
270 3418 300 3463 2:
325 3427 452 3466 surnmee
469 3415 531 3478 epei
548 3415 601 3467 de-
634 3411 752 3478 praediti
770 3416 851 3475 etque
868 3411 1006 3477 instructi,
1025 3423 1096 3476 queo
1115 3414 1161 3463 vi-

70 3486 221 3554 lectqeqne
246 3483 407 3534 inventutis
434 3480 601 3548 (legionem)
634 3496 725 3536 rorum
739 3481 896 3545 potentium,
912 3482 1081 3547 dignitetem,
1098 3484 1161 3546 gle-

63 3546 129 3606 ‘XL
147 3554 203 3604 cic.
218 3554 290 3603 Phil.
304 3556 330 3616 2,
345 3551 431 3616 18(s.
444 3552 510 3610 461:
527 3555 601 3606 edo·
634 3553 705 3604 rium
725 3561 855 3601 summam
876 3551 997 3603 futurem
1015 3564 1079 3601 esse
1097 3563 1161 3613 pre-

71 3626 227 3675 leecentem
250 3635 360 3672 summa
381 3634 432 3684 spe
458 3624 489 3673 et
511 3621 603 3677 animi
634 3622 761 3684 mittent,
791 3621 840 3670 noc
870 3622 916 3670 est
942 3622 1033 3682 teres,
1064 3622 1164 3684 meles

71 3695 103 3744 et
116 3691 411 3759 inqeniiprcedttum.
437 3691 511 3741 idern
523 3693 601 3743 Fam.
635 3686 846 3754 Eporedorigem
866 3697 894 3739 et
911 3689 1110 3743 viridomnrum
1134 3702 1164 3742 c.

71 3764 101 3827 1,
119 3763 138 3813 7
157 3767 225 3814 extr.
243 3762 406 3823 Lentulum,
424 3760 534 3814 enimin
551 3772 602 3826 epe
636 3764 670 3812 99
688 3759 715 3820 S.
728 3762 750 3832 ‚1
769 3757 923 3821 descriptos
940 3759 1068 3821 legimus.
1079 3767 1107 3823 ο

71 3844 201 3884 summae
230 3832 355 3883 virtutis
383 3827 601 3883 canescentem.
686 3823 753 3890 Cep.
771 3828 816 3880 94.
843 3826 871 3888 S.
892 3827 908 3876 1
932 3829 1048 3893 denique
1067 3829 1095 3880 ei
1119 3829 1165 3882 roi

71 3902 226 3952 Secundum
239 3905 307 3951 neec
321 3913 448 3952 semmae
460 3901 522 3964 spei
534 3901 602 3951 edo-
634 3898 774 3950 constituit
793 3895 877 3964 diem]
894 3897 969 3965 „Sic
981 3910 1074 3949 omnes
1089 3897 1165 3957 libri,

71 3972 213 4022 lescentes
231 3973 311 4036 sunt,
343 3984 397 4022 nou
415 3968 461 4031 qui
477 3970 530 4030 ipsi
546 3967 602 4021 eibi
634 3971 693 4031 Ego
716 3966 806 4031 megin
829 3969 868 4018 ite
887 3969 1045 4031 proderem,
1075 3969 1163 4034 siquis

71 4053 181 4090 summa
197 4051 322 4104 querque
339 4043 467 4104 sperent,
485 4039 512 4090 id
530 4041 600 4102 quod
633 4039 704 4089 liber
728 4038 889 4103 adiuvaret,
915 4038 1045 4101 Dictoque
1069 4037 1097 4088 ei
1118 4037 1165 4088 ret
1227 4086 1233 4095 ,

69 4111 189 4163 humiles
208 4121 312 4173 quoque
330 4112 360 4160 et
376 4109 448 4160 omni
466 4109 600 4160 tecultnte
633 4104 784 4158 constituit.
810 4109 879 4159 Nem
897 4119 953 4160 vox
964 4107 1093 4172 nemque
1111 4119 1162 4157 su-

67 4177 212 4245 destituti,
244 4179 271 4232 si
289 4181 367 4234 mode
384 4177 463 4233 stulti
481 4181 512 4233 et
534 4176 600 4233 rent
632 4175 1163 4244 perveceneevidetur.“1rotom.lden
