2700 4726
197 317 264 387 tte
458 312 529 381 nl:
554 310 740 379 Bntto
771 309 1020 382 Gnttlco

198 502 313 571 XXX.
341 503 482 581 hahere,
519 500 579 567 sed
600 503 702 590 paulo
724 504 824 566 etiam
849 501 984 586 longine
1006 499 1154 566 tolerare
1177 518 1279 587 posse

158 602 178 668 5
199 588 379 696 parcendo.
429 589 494 654 His
522 589 611 655 datis
634 589 799 654 mandatis
828 610 894 674 qua
917 595 992 654 erat
1013 593 1166 653 nostrum
1190 608 1279 675 opus

199 679 449 756 intermissum,
479 677 623 743 seeundo
645 678 760 761 vigilia
784 677 920 743 silentio
951 675 1139 762 equitatum
1162 672 1279 738 dimit-

157 777 178 839 6
200 768 256 836 tit.
299 765 519 833 Frumentum
541 785 638 832 omne
661 764 704 829 ad
727 786 766 831 se
788 765 909 830 referri
928 763 1039 844 iuhat3
1060 763 1183 850 eapitis
1198 782 1279 851 poe-

231 957 446 1025 eorrutnpeudae
464 955 634 1007 occasionem
654 954 762 1006 dedisse
780 954 891 1006 videtur
906 953 935 1004 in
956 953 1071 1005 alterius
1088 952 1211 1005 eodienm
1231 965 1284 1016 ge-

232 1022 312 1077 neris*
330 1027 481 1086 arenetypo
506 1034 608 1074 temere
629 1025 705 1075 faeta
722 1025 803 1075 trium
824 1026 1013 1076 vocabulorum
1044 1024 1225 1087 frumentum
1249 1036 1283 1074 se

232 1095 335 1147 indere
351 1092 574 1158 praetermissio,
597 1107 674 1156 quem
697 1095 832 1144 deiectum
854 1093 903 1144 alii
922 1091 977 1143 alio
996 1095 1056 1142 loco
1073 1093 1193 1155 reeeptis
1211 1092 1281 1155 illis,

233 1165 382 1214 deteriores
400 1163 532 1228 adverbio
556 1163 661 1227 enipue
688 1164 714 1213 iu
734 1163 845 1212 verbnm
865 1162 958 1226 eaipit
977 1164 1022 1212 vel
1040 1163 1161 1227 emiputtt
1178 1168 1282 1211 amiato

233 1232 428 1296 suppleverint.
471 1232 539 1282 0ud.
558 1233 698 1294 vulgatam
723 1227 824 1294 tenuit,
848 1235 896 1281 sed
920 1233 1006 1280 loeum
1033 1230 1072 1280 ita
1094 1230 1282 1291 retingendum

234 1316 298 1352 esse
316 1301 504 1352 existimabat:
530 1301 683 1354 Frumenti
700 1301 819 1352 ratione
838 1298 929 1366 initu,
954 1301 1058 1366 tuique
1077 1301 1126 1349 vel
1144 1300 1282 1363 enipeum

235 1384 267 1423 se
286 1371 399 1422 dierum
417 1370 517 1421 XXX
535 1369 647 1422 tatere.
684 1371 792 1435 „Patet
810 1370 879 1419 enim
899 1369 985 1434 satis,
1009 1369 1125 1419 alienum
1145 1369 1171 1416 iu
1190 1370 1283 1419 loenm

233 1440 384 1503 inrepsisse
408 1440 597 1506 frumentum.
641 1440 686 1491 sie
711 1451 795 1501 saepe
821 1439 957 1499 pecuniae
981 1439 1077 1504 ratio,
1101 1438 1283 1500 proeliorum

233 1509 314 1562 ratio
344 1512 372 1559 et
396 1509 496 1561 similia
520 1508 631 1571 passim.
669 1507 813 1576 frumeuti
838 1510 917 1558 rotie
948 1507 1014 1557 aliisi
1041 1516 1069 1557 et
1092 1505 1118 1555 iu
1144 1509 1284 1557 nonnullis

234 1580 254 1629 1.
274 1576 338 1627 vll.
361 1590 386 1627 o.
404 1576 448 1629 75.
472 1579 516 1627 ubi
544 1573 644 1628 vide.“
686 1580 827 1628 lliibnerus
853 1591 888 1625 ex
912 1577 1071 1626 carpinetum
1092 1575 1195 1642 eurique
1220 1589 1283 1628 etse

233 1647 350 1699 dierum
373 1647 472 1698 XXX
489 1649 687 1714 frumentum,
711 1646 889 1707 Nipperdeius
909 1659 972 1695 vero
991 1645 1019 1694 id
1036 1644 1136 1709 edidit,
1162 1646 1283 1706 quodie

233 1718 317 1779 Bong.
335 1717 369 1767 A.
394 1716 449 1779 legi
468 1717 610 1766 credebat:
637 1729 669 1766 se
687 1717 789 1781 eurique
809 1715 924 1766 dierum
942 1713 1068 1780 triptota
1084 1713 1189 1764 tubere
1211 1716 1283 1781 [ιιι-
1305 1746 1307 1751 .

233 1786 370 1836 mentum.
402 1786 473 1846 qued
499 1785 607 1835 etiamsi
631 1791 705 1835 esset
725 1787 762 1834 ilti
786 1784 933 1846 seriptum,
957 1791 1066 1845 propter
1089 1783 1284 1835 incommodum

233 1851 400 1918 pronominis
419 1857 447 1903 et
463 1855 578 1904 nominis
594 1855 778 1920 frumentum
795 1854 945 1916 posituram
964 1853 1070 1915 probari
1088 1865 1141 1904 non
1159 1857 1264 1914 posset.

267 1923 400 1980 tolerare]
420 1935 472 1972 om.
488 1924 564 1973 Leid.
585 1927 619 1973 A.
645 1923 770 1976 tolerari
787 1925 890 1989 „Mes
909 1922 962 1971 Xl.
983 1922 1011 1969 et
1029 1922 1094 1973 ltdd.
1115 1919 1182 1982 pp.“
1201 1924 1284 1973 Voss.

233 1988 267 2042 A.
294 1991 368 2041 Gett.
385 1993 455 2044 Lov.
475 1993 539 2043 Par.
557 1997 590 2045 A.
608 1997 694 2044 Haeu.
714 1993 792 2043 carr.
811 1994 871 2043 eod.
889 1993 967 2043 Turr.
987 1991 1034 2041 Dr.
1051 1992 1108 2041 AB.
1133 1993 1213 2044 Vrat.
1233 1992 1287 2042 BC.

233 2061 313 2110 Goth.
335 2060 388 2108 ΑΒ.
414 2063 510 2115 liamh.
535 2062 587 2111 (iu.
612 2063 693 2113 vind.
716 2064 749 2112 Β.
774 2062 833 2111 edd.
860 2063 924 2110 ante
952 2060 1012 2109 Ald.
1043 2061 1121 2118 (tell.
1146 2059 1231 2112 Voss.
1250 2064 1285 2111 A.

233 2128 317 2180 liabr.
337 2128 410 2179 (dett.
427 2133 497 2184 Wn.
516 2131 598 2182 Vrat.
616 2131 694 2182 Atto.
714 2132 795 2183 Goth.
813 2133 846 2180 A.
864 2130 977 2188 liant.)

268 2213 330 2276 §.t
356 2227 410 2277 qua
435 2222 495 2268 erat
512 2219 634 2266 nostrum
654 2218 735 2279 opus]
759 2228 871 2280 „quem
898 2217 944 2265 vel
964 2212 1048 2279 quia,
1074 2212 1118 2262 vel
1137 2225 1194 2276 quo
1211 2228 1285 2280 opus

218 2285 396 2337 statues.
424 2285 547 2349 plerique
564 2289 593 2335 et
611 2285 677 2336 ltdd.
696 2300 739 2346 pp.
757 2284 817 2335 sine
841 2277 881 2348 τῷ
903 2278 1075 2334 nostrum.“
1098 2284 1195 2347 quiam
1211 2298 1285 2349 epus

233 2355 303 2407 erut
324 2353 408 2418 Bong.
426 2356 460 2403 A.
481 2365 568 2418 quem
582 2366 607 2403 o.
626 2366 649 2403 e.
666 2355 749 2408 Voss.
769 2355 801 2401 A.
821 2355 898 2416 ligm.
917 2352 980 2404 Par.
1001 2357 1034 2403 A.
1057 2351 1135 2402 Vrat.
1153 2350 1186 2405 A.
1208 2356 1286 2419 quod

234 2435 300 2475 o-e.
318 2421 405 2471 Earn.
425 2430 454 2471 et
470 2434 489 2473 a
505 2435 542 2473 m.
561 2434 600 2481 pr.
621 2422 700 2471 notu.
714 2427 747 2473 A.
765 2426 888 2485 (que-
906 2434 923 2472 a
940 2434 975 2470 m.
993 2424 1033 2479 s.)
1051 2435 1108 2486 quo
1124 2434 1148 2470 o.
1166 2435 1190 2473 e.
1207 2425 1283 2475 (dett.

233 2490 302 2543 labb.
315 2488 392 2541 carr.
410 2490 457 2540 Dr.
473 2490 530 2540 AB.
551 2490 629 2541 Vrat.
644 2489 697 2540 Bc.
714 2492 794 2540 Goth.
813 2492 844 2539 Β.
862 2490 913 2540 (iu.
931 2490 1028 2542 namn.
1049 2491 1128 2543 vind.
1148 2491 1204 2541 cti.
1222 2497 1284 2544 edd.

233 2568 299 2612 ente
310 2559 372 2609 Ald.
388 2571 445 2622 qua
457 2570 483 2609 e.
491 2570 516 2609 o.
530 2560 590 2608 eod.
604 2561 685 2609 ¹l’urr.
703 2561 786 2621 nong.
802 2558 833 2608 (l.
850 2558 910 2609 Pal.
923 2558 1006 2609 vind.
1021 2559 1092 2609 DEI.
1118 2560 1286 2622 optimorum

234 2628 355 2678 eodieum
370 2627 558 2679 auctoritatem
573 2626 651 2677 unies
664 2640 782 2691 sequens
798 2641 854 2692 que
868 2631 1089 2692 testamentus·
1105 2633 1173 2680 eret
1184 2633 1284 2684 acae-

235 2709 299 2746 sare
317 2696 446 2758 seriptum
464 2695 587 2747 indicare
607 2704 634 2746 et
653 2697 819 2759 pronominis
844 2705 945 2749 temere
963 2697 1058 2748 omissi
1075 2698 1192 2760 reliquis
1209 2703 1239 2755 ln
1254 2715 1287 2755 ιιι

233 2765 327 2816 littera
344 2772 408 2816 ante
433 2778 505 2829 opus
523 2774 638 2816 servata
655 2778 791 2831 egnosere
815 2768 909 2819 debet:
935 2766 1017 2817 alteri
1041 2766 1164 2817 eodieum
1188 2770 1288 2835 generi

235 2831 354 2885 nonnihil
377 2834 526 2885 tribuentes
550 2846 611 2885 eunt
635 2835 742 2899 integro
761 2834 915 2895 pronomine
938 2837 1020 2887 etiam
1041 2833 1164 2888 ordinem
1183 2843 1286 2895 verbn-

172 2909 178 2921 '
235 2917 296 2954 rum
315 2901 414 2952 ibidem
432 2904 583 2954 exstantem
606 2917 653 2965 pro
671 2917 738 2955 vero
755 2904 858 2957 hebere
875 2917 929 2958 non
950 2905 1118 2955 dubitabunt.

269 2971 393 3032 dimittit]
426 2971 547 3039 „mmo
572 2973 654 3036 Beng.
678 2978 712 3024 A.
743 2967 829 3024 Voss}
853 2974 887 3025 A.
915 2977 992 3038 ligm.
1017 2973 1096 3025 Garr-
1128 2983 1156 3025 et
1186 2979 1203 3028 3
1228 2978 1285 3029 alii.

196 3076 199 3087 .
235 3041 345 3103 amitiit
361 3041 420 3091 ret.
441 3045 510 3099 hev.
529 3044 557 3092 et
581 3039 665 3095 tatu
682 3056 742 3094 eum
760 3043 828 3101 Edu.
847 3057 890 3104 pp.
899 3038 918 3071 ‘⁶
945 3040 1039 3095 mittit
1056 3044 1140 3107 Voss.
1155 3047 1189 3095 A.
1208 3049 1287 3113 ligm.

235 3111 319 3161 Febr.
336 3112 397 3161 eod.
414 3112 494 3163 Turr.
511 3112 595 3175 Bong.
612 3114 644 3164 A.
661 3113 704 3164 Pl.
721 3113 785 3166 Par.
800 3115 836 3162 A.
852 3110 1032 3176 Lindenbrog.
1050 3108 1137 3164 liaeo.
1154 3115 1240 3179 Bong.
1255 3115 1288 3169 C.

235 3177 315 3230 Vrat.
335 3183 369 3228 A.
385 3179 466 3230 Goth.
484 3181 519 3231 A.
537 3181 617 3234 Viud.
636 3182 704 3232 ciii.
731 3182 840 3243 emittit
858 3182 914 3231 Pet.
934 3183 1009 3233 Gott.
1028 3184 1097 3235 [ιον.
1116 3185 1185 3234 Lib.
1204 3186 1288 3236 naor.

236 3249 294 3300 ret.
314 3248 373 3299 Pal.
390 3249 476 3302 Goutl.
493 3251 540 3301 Dr.
558 3251 614 3300 An.
635 3251 711 3305 Vrnt.
731 3252 784 3302 BG.
803 3252 882 3302 Getis.
900 3251 928 3301 Β.
954 3252 1006 3302 Gu.
1031 3252 1126 3306 Hamb.
1151 3253 1236 3305 Vind.
1254 3255 1289 3305 Β.

236 3320 297 3369 edd.
321 3320 384 3369 ante
402 3316 464 3369 Ald.
490 3319 619 3371 demittit
636 3321 709 3372 Gott.
727 3322 796 3373 Wh.
831 3319 951 3369 Verbum
976 3323 1091 3381 simplex
1117 3335 1151 3374 ea
1178 3323 1289 3387 signiti-

235 3388 360 3451 catione,
382 3399 453 3451 quee
478 3388 540 3439 ltuie
564 3390 623 3439 loeo
646 3392 710 3452 apta
730 3391 791 3454 est,
813 3399 904 3438 rerum
924 3389 1103 3451 scriptoribus
1127 3391 1289 3445 inusitatum

236 3467 270 3506 eo
294 3455 383 3506 minus
404 3452 517 3519 pliteere
534 3456 650 3510 Caesari
673 3458 775 3523 potuit,
800 3467 852 3519 que
871 3458 982 3509 facilius
1000 3459 1128 3520 postilla
1146 3461 1289 3515 ltisdotis

235 3525 381 3577 mundetis
408 3527 441 3575 de
466 3527 570 3578 usitata
595 3528 656 3580 eine
681 3525 897 3594 significatione,
929 3540 1000 3595 quae
1021 3532 1047 3579 li.
1068 3529 1090 3582 l.
1113 3530 1208 3594 inepta
1234 3541 1287 3596 est,

236 3594 354 3659 eogitari
373 3599 475 3660 posset.
512 3596 515 3601 '

252 3761 279 3823 s.
298 3761 315 3814 t
333 3767 454 3818 secunda
470 3764 582 3832 vigilia]
598 3766 643 3819 ct.
660 3762 878 3835 edm·¹,.·'manos‚
895 3767 941 3832 qui
959 3759 1181 3821 eollibue'eastra
1195 3770 1223 3820 et
1238 3766 1287 3821 ea'-

201 3833 239 3885 etl
257 3831 290 3899 5,
308 3835 326 3883 9
347 3830 375 3893 S·
395 3839 419 3885 l.
748 3834 850 3913 ’μὴ
874 3837 1000 3898 imposita
1023 3836 1156 3889 habereut
1179 3847 1207 3889 et
1231 3839 1289 3890 eir-

748 3908 936 3959 ·itnmveliare
952 3905 1076 3969 oppidum
1092 3907 1288 3976 instituissent,

260 3968 371 4021 silentio
407 3971 556 4035 equitatum
594 3970 724 4033 dimittit]
768 3974 907 4039 planitiem
931 3987 998 4025 vero
1021 3977 1137 4029 nendum
1160 3977 1289 4029 munitio-

202 4050 253 4104 per
265 4040 389 4102 eandem,
404 4050 434 4090 ut
444 4041 564 4105 videtur,
575 4040 724 4110 planitiem,
767 4046 848 4096 nibus
871 4043 1111 4109 interseruissem,
1138 4046 1290 4098 discessum

202 4107 233 4162 in
245 4121 298 4175 qun
312 4107 444 4172 proelium
459 4112 585 4173 equestre
598 4122 622 4160 o.
631 4111 668 4164 7⁰
679 4113 725 4162 itt-
768 4126 862 4167 eornm
873 4117 920 4166 vel
932 4126 986 4166 non
999 4114 1230 4170 animadvertisse
1241 4120 1291 4170 vel

203 4180 278 4232 etum
294 4180 349 4234 est.
377 4179 437 4232 Non
454 4179 551 4232 mirum
568 4179 651 4245 igitur
668 4182 726 4236 lto·
769 4182 899 4266 impedire
916 4196 972 4238 non
988 4184 1119 4251 potuisse.
