2700 4726
150 267 219 339 328
412 265 484 335 Dll
512 265 692 335 BELLO
722 263 976 336 ontnlco

152 453 320 524 carnutes
350 477 387 523 se
410 459 541 523 nullum
567 454 754 546 perieulum
775 454 962 522 eommunis
985 453 1109 521 salutis
1133 472 1237 519 nauso

152 564 310 610 reoussro
334 546 574 633 principesque
597 569 637 611 ex
663 545 817 611 omnibus
840 543 967 609 bellum
990 544 1140 609 fauturos
1163 541 1238 628 pol-

109 632 317 707 elimetur,
340 640 375 698 et
397 635 554 719 quoniam
580 634 827 720 inpraesentia
850 631 1024 698 obsidibus
1046 650 1164 696 cavere
1186 629 1239 693 in-

153 728 208 786 ter
230 741 267 787 se
291 742 356 785 non
379 724 531 807 possint,
554 743 596 786 no
617 744 673 786 res
696 722 878 799 efferatur,
901 728 940 783 ut
960 716 1174 783 iureiurando
1199 737 1239 779 oo

56 882 61 891 ⁴
152 807 220 874 fide
242 809 432 892 sonoiotur,
453 816 595 900 petunt,
616 810 763 877 oonlotis
786 807 992 896 militaribus
1015 806 1140 893 signio,
1172 825 1240 892 quo

221 996 249 1056 s.
266 999 291 1046 2.
320 1009 421 1046 cavere
440 995 511 1047 inter
528 1000 574 1057 se]
593 997 674 1049 inter
693 1011 724 1048 se
740 1009 794 1048 our.
811 998 881 1046 Lov.
901 996 971 1046 Dok.
989 995 1084 1045 [lamb.
1105 995 1168 1044 aute
1189 1003 1242 1043 oa-

185 1077 257 1118 nere
276 1067 365 1126 posuit
383 1067 451 1116 oud.
469 1069 615 1115 secundum
641 1101 659 1130 ‚,
667 1069 742 1116 MSS.
761 1061 914 1126 optimos“.
949 1065 1003 1113 Sed
1021 1066 1102 1127 lloug.
1122 1066 1154 1112 Α.
1175 1064 1242 1111 Por.

185 1137 220 1186 A·
238 1135 310 1184 flav.
328 1139 361 1184 A.
381 1137 453 1185 nott.
472 1148 529 1195 seo.
548 1135 648 1187 wultt.
674 1135 722 1185 Dr.
740 1136 797 1186 AB.
816 1135 897 1185 Vrat.
915 1132 992 1184 ABG.
1014 1133 1092 1184 Goth.
1109 1135 1140 1183 Β.
1157 1132 1242 1181 Vind.

183 1206 240 1254 AB.
268 1217 330 1255 num
353 1204 414 1257 edd.
439 1210 503 1254 onte
523 1204 593 1255 (lud.
618 1203 740 1256 omnious
759 1206 940 1271 postponunt,
967 1202 1092 1253 itemex.
1113 1202 1243 1252 Faunei

183 1271 340 1403 coffls'slnt]
357 1337 435 1388 Leid.
454 1341 487 1389 A.
507 1342 535 1389 s.
552 1341 625 1391 ilar.
643 1343 676 1392 A.
697 1341 779 1394 vind.
797 1347 831 1396 A.
849 1343 967 1408 possent
985 1339 1085 1404 reliqui
1102 1351 1162 1389 oum
1180 1339 1242 1392 edd.

186 1420 252 1460 oute
277 1409 345 1458 Ouo.
372 1410 484 1470 praeter
511 1410 550 1458 st.
577 1411 646 1472 qnod
671 1411 761 1461 miuus
785 1414 867 1465 etism
889 1412 1049 1478 probabile,
1076 1420 1157 1474 qnam
1180 1409 1240 1457 o.1

186 1477 212 1538 S.
230 1480 256 1530 7.
274 1477 381 1542 possit,
401 1479 491 1526 tumen
509 1479 614 1541 recepit
633 1481 789 1534 nonnosus.
918 1488 921 1492 ‘

221 1545 264 1615 nt]
290 1548 343 1597 ortt
368 1548 471 1616 „mss
492 1548 614 1609 plerique
624 1547 643 1578 “
672 1552 745 1601 Gott.
765 1554 848 1603 Voss.
867 1548 898 1602 Α.
918 1551 996 1613 Egm.
1011 1548 1082 1597 [ιον.
1103 1545 1188 1608 Bong.
1208 1545 1243 1593 A.

184 1617 249 1669 Por.
262 1616 296 1665 A.
314 1616 386 1664 flav.
405 1617 439 1666 A.
461 1615 508 1664 Dr.
526 1619 582 1670 AB.
601 1619 681 1668 Vtut.
698 1622 753 1670 ult.
773 1621 868 1671 ilsmb.
887 1619 941 1676 Gn.
959 1618 1040 1669 vind.
1059 1616 1114 1664 AB.

185 1751 193 1768 '
220 1683 267 1752 so]
292 1687 346 1737 ont
364 1686 470 1750 mMSS.
487 1682 532 1734 3“
551 1687 625 1738 Golt.
645 1689 722 1751 Egm.
742 1689 789 1739 Dr.
807 1691 842 1739 A.
860 1691 941 1743 Vrot.
959 1684 1013 1736 ΑΒ.
1034 1685 1086 1735 Gn.
1110 1681 1194 1735 vind.
1212 1680 1244 1730 B.

184 1767 349 1889 mcconlutis]
368 1825 452 1876 Voss.
470 1823 504 1873 A.
521 1827 598 1888 llgm.
619 1827 717 1892 (Bong.
737 1823 787 1888 Α.)
812 1827 879 1876 Per.
895 1825 929 1874 A.
947 1824 1029 1875 Vtut.
1050 1823 1085 1874 A.
1107 1818 1190 1871 vind.
1209 1819 1246 1869 A.

184 1895 374 2029 nogugflknd.
394 1961 444 2012 Ox.
461 1963 487 2013 S.
507 1959 583 2011 nelo.
603 1963 637 2012 A.
661 1963 756 2015 Ursini
773 1963 891 2026 optimus
909 1963 1000 2022 (Not.)
1018 1960 1089 2009 llav.
1105 1957 1139 2006 A.
1158 1954 1244 2007 Vind-

185 2031 219 2082 Α.
243 2032 284 2085 lo.
306 2044 364 2096 sqq.
389 2030 473 2083 etism
497 2032 587 2097 Dan,
616 2033 695 2084 cuius
716 2047 752 2084 ex
774 2036 858 2086 Febr.
882 2043 1027 2097 perperam
1051 2031 1134 2089 tacet.
1166 2025 1246 2090 qnod

152 2198 210 2255 llos,
223 2210 270 2250 res
295 2197 416 2262 agitatas
433 2206 513 2261 stoue
532 2211 583 2264 eo,
608 2209 677 2260 quae
719 2201 771 2258 16,
790 2196 824 2248 4:
853 2195 1036 2262 stertentem
1061 2193 1245 2246 siluestribus

152 2267 282 2327 deinceps
298 2269 440 2331 dicuntur,
457 2269 599 2330 professos
613 2279 677 2316 esse
719 2267 751 2318 in
767 2269 855 2332 locis,
873 2267 921 2316 oti
938 2267 1009 2316 iaec
1025 2261 1146 2328 fiebant„
1159 2263 1245 2327 topia

152 2334 288 2386 Carnutes
305 2339 393 2386 verbo
411 2336 491 2387 huius
510 2336 609 2398 eapitis
626 2348 677 2384 ex·
720 2338 849 2388 obsidum
856 2333 1244 2399 nonsitneoacoiriqueant,

153 2405 242 2453 trema
258 2416 318 2453 com
337 2418 361 2456 c.
380 2406 394 2452 1
418 2403 479 2464 §.4
504 2409 607 2458 collata
629 2390 679 2454 de·
720 2409 790 2473 quin
808 2419 857 2458 res
873 2405 905 2455 in
923 2408 1060 2468 opertum
1078 2405 1172 2453 emeat.

153 2475 314 2523 monstrant.
356 2470 450 2536 Itaque
477 2477 547 2526 huno
568 2477 626 2525 lere
650 2475 679 2523 in
705 2509 709 2515 -
771 2477 945 2527 iureiurando
966 2487 1000 2524 ue
1017 2473 1084 2534 fite]
1114 2473 1244 2536 cl.1‚a

153 2543 259 2592 modum
293 2545 429 2604 explendo
464 2548 506 2596 est
542 2545 679 2597 narratio:
720 2545 795 2606 §.62
812 2545 894 2597 inter
911 2557 943 2595 se
959 2542 1244 2609 fidemete‘osiornn-

153 2612 206 2662 His
227 2610 311 2661 relos
328 2627 347 2662 a
364 2614 542 2677 principibus
559 2616 590 2665 in
607 2627 678 2664 oon·
718 2618 787 2668 dom
803 2617 884 2667 dant.
916 2614 968 2664 llio
982 2626 1049 2662 vero
1065 2612 1259 2681 postpositum⁴

152 2680 228 2732 tiliis
241 2681 361 2747 unitatis
374 2683 528 2750 Geronton,
544 2697 608 2735 oum
621 2686 678 2734 ite·
718 2700 815 2736 nomen
834 2684 963 2748 generale
980 2681 1049 2731 fooit
1061 2684 1090 2731 ut
1104 2681 1245 2733 iusiuran-

153 2763 222 2802 rum
239 2752 390 2802 concilium
409 2753 584 2820 baberetur,
602 2765 676 2819 pro·
719 2758 781 2806 nom
799 2755 928 2805 disertius
947 2752 1129 2813 distinguatur
1143 2753 1178 2801 ab
1193 2754 1244 2801 ob-

153 2817 288 2886 sstentnr.
307 2821 427 2873 Similem
440 2825 602 2876 brevitatem
615 2822 678 2873 virle
720 2825 823 2877 sinibus
840 2832 868 2874 et
885 2826 1000 2873 alterum
1021 2821 1088 2870 illud
1110 2822 1245 2872 cautionis

155 2892 192 2956 1,
211 2892 246 2940 30
264 2890 289 2949 S.
308 2888 334 2941 4.
373 2923 376 2927 -
720 2909 807 2960 genus
825 2889 1171 2957 significareiutelligotur‚
1192 2903 1245 2954 quo

205 2958 353 3026 Carnutes]
383 2959 496 3011 clientes
522 2962 679 3028 Remorum,
720 2967 874 3030 carnutes,
893 2963 956 3028 quia
973 2963 1060 3012 altero
1076 2972 1125 3008 seu
1142 2961 1246 3010 obsidi-

154 3025 201 3089 qui
222 3027 355 3089 proximis
380 3029 458 3078 annis
483 3032 586 3080 duobus
607 3033 678 3081 'las-
719 3035 772 3085 bns
790 3033 828 3083 uti
845 3033 1045 3092 momentorum,
1066 3040 1097 3076 se
1114 3028 1153 3077 uti
1169 3031 1246 3079 vello

154 3094 256 3158 getium
280 3110 372 3160 regem
398 3111 416 3149 a
442 3097 562 3149 Caesare
586 3100 678 3151 datum
720 3103 873 3154 ostendunt.
915 3095 1011 3160 ltaque
1036 3108 1072 3147 oo
1100 3100 1125 3146 lr.
1153 3099 1172 3146 l.
1196 3112 1266 3162 re·-¹

152 3163 350 3216 interfecerant
382 3168 411 3217 et
438 3180 499 3218 oum
525 3170 677 3219 Senonibus
721 3173 836 3234 spondet
852 3169 912 3218 fero
930 3168 1023 3217 nostro
1041 3165 1088 3217 bot
1107 3163 1189 3234 otini,
1214 3171 1247 3220 et

83 3230 88 3248 ⁸
155 3236 678 3289 Acconesuctoreconiuraverunteou-
721 3243 772 3292 l.l.
793 3239 843 3292 unt
862 3248 939 3304 emet.
973 3235 1077 3285 Similia
1094 3237 1156 3285 huic
1174 3251 1247 3289 nou-

153 3312 200 3354 trt
216 3304 381 3368 Caesonem,
406 3308 455 3354 sed
479 3307 557 3359 huius
576 3308 677 3358 celeri·
721 3311 797 3361 nullo
812 3309 951 3370 adscripto
969 3306 1079 3355 suntad
1093 3304 1120 3369 5,
1136 3309 1159 3359 1.
1180 3307 1206 3366 S.
1217 3306 1247 3358 4.

154 3376 214 3424 tate
228 3375 355 3439 oppressi
369 3375 532 3427 deditionem
545 3377 678 3430 iecerunt.
773 3377 890 3428 conlatis
903 3375 1064 3426 militaribus
1082 3375 1182 3442 signis]
1200 3378 1247 3428 Si-

156 3440 190 3508 5,
208 3444 252 3495 25.
277 3446 311 3507 6,
327 3441 354 3495 l.
720 3459 775 3510 gun
793 3446 922 3496 militarie
935 3446 1079 3495 Gallorum
1093 3458 1117 3497 o.
1133 3446 1168 3497 88
1183 3445 1248 3515 SA,

210 3515 309 3564 bellum
329 3515 465 3574 inclutos]
491 3513 534 3566 Gi.
559 3517 622 3566 adn.
642 3514 678 3566 el
720 3519 915 3567 Germanorum
934 3512 969 3581 4,
989 3515 1022 3566 15
1040 3513 1065 3573 S.
1086 3516 1100 3562 1
1126 3528 1249 3566 comme-

155 3582 189 3648 Β,
205 3584 240 3630 29
258 3583 285 3644 S.
305 3587 330 3635 3.
720 3589 870 3647 morantur,
888 3588 969 3647 utque
989 3587 1022 3633 de
1042 3583 1083 3631 his
1104 3584 1173 3633 (lixit
1192 3587 1248 3637 ali-

84 3651 87 3656 ’
132 3706 135 3711 ,
208 3650 234 3709 S.
245 3655 271 3705 2.
290 3653 429 3705 obsidibus
440 3665 543 3706 novere
552 3653 623 3705 inter
633 3654 677 3712 se]
721 3657 785 3720 quid
809 3655 957 3706 llorlrelius
982 3653 1124 3703 solstiti
1152 3655 1247 3711 Germ.

155 3713 200 3771 cl.
219 3723 385 3790 stomun,
404 3728 420 3774 2
441 3724 467 3784 s.
486 3728 512 3774 2.
721 3741 746 3790 o,
766 3727 784 3778 7
803 3739 827 3786 l·
840 3727 907 3777 697.
941 3721 1093 3784 Praepositi
1111 3725 1135 3772 lr.
1156 3725 1174 3773 l.
1195 3729 1248 3778 ad-

211 3801 246 3837 ne
270 3804 317 3839 res
336 3793 478 3860 efferatur]
510 3795 542 3844 ln
565 3790 679 3843 conium
721 3794 815 3846 ieotivi
835 3795 906 3845 ratio
933 3796 1001 3842 haee
1021 3793 1146 3854 videtur,
1173 3799 1248 3856 quon

158 3857 248 3907 ctione
271 3863 375 3912 orrovit
392 3865 541 3926 Lippertus
566 3861 679 3913 eaodem
721 3864 835 3917 collatis
862 3863 954 3930 sionis
983 3862 1080 3921 proelii
1107 3864 1249 3918 commissi

158 3927 219 3977 ‘5¹¹⁵
242 3931 269 3979 ¹¹·
286 3930 305 3977 ¹·
330 3940 409 3993 atqu„
428 3934 524 3984 deinde
541 3931 569 3983 in
587 3930 680 3981 verbis
722 3934 946 4000 significationem
967 3934 1068 3981 habero
1087 3933 1201 3982 solebat.
1252 3924 1257 3954 ¹

158 4010 195 4049 ne
207 3997 253 4049 eal
276 3999 398 4061 reliquls
422 4006 600 4056 deserantur
623 3998 679 4049 vim
774 4004 838 4067 quo]
853 4016 906 4053 non
920 4015 980 4061 oum
991 4014 1072 4052 more
1084 4011 1248 4053 construen-

158 4079 223 4117 esse
243 4068 400 4121 arbitratus.
434 4074 520 4126 Recto
545 4075 600 4126 ient
625 4068 680 4121 Pe·
722 4077 801 4137 dnm,
820 4074 869 4123 sed
885 4084 935 4133 uer
947 4085 978 4120 se
992 4069 1177 4132 accipiendum
1192 4083 1248 4142 est,

157 4139 279 4204 tuerere,
292 4140 363 4204 qnod
374 4141 408 4193 all
420 4143 471 4195 noo
484 4143 591 4212 attinet,
607 4142 680 4203 liitt-
722 4148 752 4197 ut
766 4145 820 4197 noo
836 4141 863 4207 5,
877 4143 913 4196 56
930 4140 957 4204 s.
972 4146 1006 4195 2:
1022 4141 1076 4193 noo
1086 4140 1251 4198 moretiel·
