2700 4726
414 322 520 395 tib.
543 322 628 397 vll.
674 324 794 398 GAP.
818 331 864 398 4⁷
1122 338 1189 403 ire

94 537 173 583 num
199 535 264 579 nen
288 511 446 580 exaudito
469 516 689 597 candiubrio,
712 516 803 604 qued
828 518 913 584 satie
936 541 1054 603 magua
1078 522 1186 588 valles

94 603 347 681 intercedebat,
375 613 486 668 tumen
507 605 549 667 ab
572 605 720 670 tribunis
744 607 887 671 militnm
910 609 1117 696 legatisque,
1147 619 1186 676 nt

93 703 171 759 erat
192 712 211 756 a
236 690 384 760 Caesare
406 700 644 781 praeceptum,
666 693 916 776 retinebuntur3
937 694 997 761 sed
1019 698 1102 763 eloti
1124 720 1185 787 epe
1208 715 1228 775 s

128 886 222 947 Quare
241 894 276 931 ex
292 885 349 938 MS.
375 883 444 944 neg.
471 884 644 934 scribendum
662 882 787 937 existimo
805 897 848 937 uc.
884 886 1052 947 Quamquam
1073 890 1102 938 et
1118 887 1186 940 iilud

127 958 191 1017 tat)
208 951 233 1003 si
251 956 387 1003 referatur
404 955 439 1003 ad
458 957 529 1012 (non
546 955 687 1004 exaudite
705 956 788 1005 tntae
803 953 884 1019 seno)
902 957 968 1006 terri
986 968 1091 1020 quoque
1104 970 1185 1018 posse

127 1023 270 1074 uidetur.“
289 1023 382 1072 Clark.
405 1022 472 1087 „Ac
492 1024 654 1074 corrfirmant
672 1026 755 1087 lleng.
777 1039 815 1083 pr.
837 1026 917 1073 Voss.
936 1039 976 1087 pr.
995 1026 1090 1075 Peter.
1107 1030 1185 1091 ligio.

128 1099 158 1144 et
183 1101 299 1155 quatuor
321 1092 370 1142 alii
394 1105 453 1141 cum
477 1092 527 1143 Ed.
554 1093 673 1143 ineerta.
708 1095 802 1144 Malim
821 1104 912 1144 lamen
931 1097 971 1145 nt.
992 1095 1185 1161 Reliquorum

126 1162 270 1230 lepiennm
289 1166 353 1223 (quo
367 1163 460 1211 ordine
477 1164 553 1212 MSS.
573 1163 694 1224 plerique
712 1164 779 1213 bace
795 1166 911 1224 ponunt)
929 1163 1028 1213 milites
1046 1167 1187 1229 distinguit

127 1246 147 1284 ι
166 1233 272 1281 decima
290 1231 404 1293 legione.
440 1230 488 1280 Gr.
510 1223 541 1281 οἱ
554 1224 583 1281 di
601 1225 634 1295 δὴ
650 1227 827 1282 unriurein
844 1229 994 1301 ταγμάτων
1009 1234 1186 1302 στρατιῶται.

127 1308 157 1353 et
180 1302 279 1350 Celsus
304 1298 405 1350 oero“
432 1299 500 1350 (iud.
521 1310 557 1349 ac
578 1301 637 1349 Pet.
667 1304 748 1351 Voss.
773 1299 806 1351 A.
835 1302 909 1352 (dett.
932 1306 1010 1365 Egm.
1031 1306 1098 1355 beu.
1118 1307 1186 1355 ube.

127 1372 212 1423 Febr.
230 1368 310 1431 Buug.
320 1371 353 1419 A.
365 1369 406 1418 ΡΙ.
420 1369 485 1420 Par.
501 1372 534 1418 A.
550 1370 594 1420 Dr.
610 1370 643 1418 A.
658 1370 740 1420 Vrat.
756 1372 810 1419 AB.
826 1370 907 1421 vind.
923 1373 1186 1436 Aci.uded.1iry-

127 1442 195 1503 ling.
214 1449 322 1488 tacente
338 1439 428 1489 'Genii
463 1439 521 1488 Vix
538 1438 668 1489 credibile
685 1439 794 1489 videtur
812 1443 971 1501 scriptorem
989 1454 1039 1505 ea,
1064 1456 1133 1506 quae
1151 1447 1185 1494 de

129 1508 244 1572 reliquis
262 1508 413 1571 legionibus
432 1507 556 1558 dicturus
576 1512 644 1571 erut,
661 1508 691 1558 in
708 1509 802 1560 eodem
821 1523 921 1574 genere
939 1525 1000 1561 eum
1019 1514 1091 1576 iliis,
1112 1524 1185 1577 quae

129 1583 163 1632 (le
181 1580 288 1630 decima
306 1577 430 1640 dixerat,
456 1589 556 1638 ponere
577 1577 707 1627 voluisse.
744 1578 813 1627 Num
839 1581 909 1641 quod
929 1580 956 1631 in
974 1582 1010 1631 iis
1027 1582 1100 1632 inest
1120 1596 1186 1645 soe·

130 1651 202 1700 ciem
220 1647 355 1708 praebens
373 1646 482 1709 generis
501 1646 640 1711 eiusdem,
665 1644 884 1712 retinebuntur,
909 1650 936 1699 id
955 1663 985 1699 re
1001 1663 1068 1701 vera
1085 1654 1121 1703 ab
1140 1662 1185 1717 ee,

128 1719 200 1784 quod
216 1717 245 1767 in
263 1716 420 1765 decumanis
434 1714 564 1765 etlecerat
579 1713 693 1779 Caesar,
711 1717 853 1767 diversum
866 1730 919 1768 uon
931 1718 1018 1770 nriuus
1033 1724 1086 1784 est,
1105 1732 1186 1785 quam

129 1788 214 1853 illud,
243 1785 313 1848 quud
333 1785 366 1834 ad
384 1786 465 1832 tubae
483 1796 576 1831 serrum
596 1786 727 1846 pertinet,
760 1799 847 1847 neque
867 1799 915 1851 ee,
941 1794 1009 1850 qurud
1027 1791 1186 1842 adiunctum

130 1860 212 1909 babet
232 1857 344 1917 tererem,
375 1855 412 1902 ad
429 1852 631 1901 similitudinem
650 1854 782 1916 redigitur
799 1855 874 1915 eius,
904 1861 972 1919 qrrod
993 1858 1098 1910 decime
1115 1861 1188 1924 legio

130 1928 245 1989 iecerat,
263 1927 292 1973 ut
311 1926 386 1972 recte
405 1925 454 1971 boc
474 1923 514 1971 ita
532 1921 683 1970 continuari
705 1930 835 1983 poluerit:
855 1925 1188 1999 intumescentium:

131 2002 172 2052 ten
189 1997 213 2050 t.
232 1992 343 2057 nauiter
362 1988 440 2057 batt)
461 1992 511 2045 uui
531 1989 568 2044 tie
582 1991 708 2045 &electen
728 1993 769 2045 ber
788 1991 887 2060 diripui
905 1995 939 2059 t..
956 1998 1039 2059 netur
1056 1999 1103 2052 boa
1120 2000 1188 2055 idios

132 2067 173 2133 teu
207 2064 271 2127 uidpt
301 2062 387 2130 pendet
413 2064 515 2129 tpotten,
545 2061 646 2113 mutem
674 2059 811 2129 pteiunup
840 2073 888 2114 uon
911 2063 956 2116 ten
981 2066 1111 2120 tribuum
1135 2071 1187 2123 unt

130 2137 233 2203 sspgptep
262 2131 466 2201 praeopimum.
513 2127 579 2183 ittet
603 2138 657 2176 etc.
697 2130 784 2179 Recte
813 2142 881 2179 vero
911 2133 1009 2181 benene
1036 2139 1118 2185 baec:
1151 2162 1187 2173 —

132 2206 182 2262 tun
202 2203 329 2258 &cibetur
347 2205 388 2255 eeu
406 2198 507 2266 diripui
524 2200 548 2253 t.
568 2200 671 2266 topegeu
690 2223 727 2233 —
740 2198 952 2269 periegeputtem
968 2201 1025 2258 eber
1044 2214 1096 2256 ecc.
1133 2204 1189 2256 ce.

133 2283 219 2325 terum
239 2273 275 2322 ei.
295 2274 372 2322 loeus
394 2270 420 2318 in
440 2274 502 2319 adn.
519 2280 559 2318 or.
578 2269 613 2317 ud
630 2281 654 2317 e.
674 2263 711 2316 ie
728 2271 755 2331 s.
776 2270 928 2319 enitatur„

165 2357 268 2410 milites
286 2355 435 2419 legionum]
466 2356 485 2407 Ι.
503 2366 540 2404 m.
563 2354 680 2418 „MSS.‚
693 2352 842 2415 plerique“
861 2356 944 2405 voss.
965 2359 1000 2407 A.
1020 2356 1094 2408 (ioli.
1112 2359 1189 2424 ligur.

122 2429 195 2485 ‚Pan
213 2432 247 2475 A.
275 2428 349 2473 lieu.
368 2427 402 2471 A.
428 2424 508 2469 Vrat.
529 2423 586 2471 Ab.
611 2423 664 2469 tiu.
690 2423 769 2472 vind.
792 2418 836 2475 cl.
862 2424 1033 2475 mititesum.
1054 2427 1135 2477 vind.
1154 2430 1189 2481 A.

133 2498 285 2558 volgatum
309 2488 428 2539 ordinem
456 2501 508 2538 uon
528 2490 615 2538 sulum
636 2489 774 2539 Pldscbkii
795 2494 827 2542 de
847 2493 929 2555 berig.
949 2495 983 2548 A.
1003 2495 1112 2547 silentiu
1129 2510 1191 2549 me-

133 2570 188 2629 tus,
203 2566 251 2612 sed
265 2560 345 2610 eriam
358 2558 444 2621 ipsius
455 2569 541 2608 ceusu
555 2559 696 2607 tenendum
713 2562 815 2621 putavi.
833 2562 963 2612 Estenirn
979 2565 1061 2614 valde
1072 2567 1108 2616 ad
1121 2568 1191 2618 reli-

134 2649 203 2701 quas
223 2632 344 2696 legiones
360 2629 482 2678 decimae
500 2627 672 2688 opponendas
690 2630 917 2678 accommodatus.
1289 2628 1292 2633 “

169 2715 236 2753 sone
258 2698 354 2756 tubae]
382 2698 456 2749 Gott.
484 2690 566 2749 Voss.
591 2698 625 2745 A.
650 2699 725 2757 ligur.
749 2698 832 2749 baur.
857 2701 940 2757 Beue.
958 2702 991 2750 A.
1012 2700 1054 2751 ΡΙ.
1073 2703 1136 2755 Par.
1156 2705 1191 2754 A.

134 2774 206 2826 flav.
227 2768 260 2820 A.
288 2770 335 2820 llr.
356 2769 412 2819 Ali.
438 2766 517 2815 Vrec.
534 2763 615 2816 ABC.
641 2767 719 2814 Goth.
741 2768 771 2815 ll.
798 2768 894 2818 llemb.
920 2769 971 2820 tiu.
995 2771 1077 2820 Viud.
1096 2774 1191 2828 Alilll.

134 2843 204 2893 Veu.
227 2843 250 2891 i.
275 2840 299 2888 t.
322 2850 345 2886 c.
370 2835 493 2898 reliquae
517 2837 577 2883 edd.
603 2834 683 2892 (tube
701 2863 736 2874 -
755 2836 825 2886 ven.
846 2839 885 2895 b.)
910 2847 938 2886 ec
960 2839 1020 2887 sine
1039 2843 1104 2892 noto
1121 2843 1191 2897 oud.
1242 2886 1248 2893 .

134 2914 195 2965 lton
214 2918 317 2959 temere
335 2906 419 2956 tntae
436 2904 585 2966 insigniore
603 2906 663 2955 ioco
682 2905 795 2965 positum
813 2914 865 2970 est,
884 2919 963 2970 quam
982 2921 1061 2959 seno.

170 3007 270 3059 magna
288 2993 379 3041 valles
395 2989 596 3050 intercedebat]
618 2991 661 3039 lta
680 2990 745 3041 0ud.
766 2995 912 3041 secuudum
933 2992 1015 3056 lioug.
1033 2991 1076 3057 A,
1094 2993 1192 3057 in'quo

136 3074 226 3117 tamen
245 3064 288 3112 ΡΙ.
306 3060 486 3112 interedebnt
503 3059 580 3122 legit,
597 3069 625 3108 et
642 3060 725 3110 Voss.
740 3062 784 3126 A,
802 3072 879 3124 quem
897 3063 1113 3114 intercedebant
1131 3076 1193 3115 cum

138 3138 238 3198 puncto
258 3132 308 3181 sub
329 3145 349 3181 n
367 3131 495 3181 exhibere
515 3130 615 3195 tradit,
640 3128 719 3179 cuius
739 3132 831 3189 puncti
852 3134 952 3181 mentio
969 3133 996 3182 iu
1015 3133 1098 3183 Febr.
1115 3133 1193 3183 tacta

137 3218 191 3256 non
214 3210 275 3270 est,
303 3204 331 3250 et
352 3202 428 3263 ligor.
448 3198 576 3265 scripsit,
605 3198 690 3248 etita
709 3201 790 3247 etiem
810 3200 837 3248 ln
855 3200 918 3253 Par.
938 3204 971 3252 A.
990 3201 1194 3263 scriptumest.

137 3285 257 3339 resupinae
282 3272 373 3321 enites
397 3269 614 3320 intercedebant
638 3269 675 3318 V.
700 3266 731 3318 G.
754 3271 820 3317 Vre.
843 3269 893 3319 Ox.
917 3272 993 3321 Leid.
1019 3273 1053 3322 A.
1078 3270 1140 3325 Par.
1161 3270 1193 3320 li.

105 3337 108 3341 ’
137 3344 211 3396 liar.
230 3344 264 3392 A.
284 3338 343 3408 (lde
362 3350 464 3406 nunpne
480 3340 529 3397 -l
550 3339 632 3389 vind.
651 3341 685 3388 A.
704 3350 808 3403 mnpuo
825 3338 913 3389 callis
932 3338 1129 3391 intercedebat
1145 3352 1194 3390 re·

101 3513 193 3566 audiri
212 3513 309 3576 posset
322 3513 351 3560 et
365 3511 487 3575 deberet,
506 3507 628 3559 habitem
670 3506 751 3572 gioue
769 3509 876 3559 decima
891 3507 980 3560 fuisse
998 3507 1122 3576 dicatur,
1147 3508 1195 3561 cui

101 3598 167 3636 ecee
185 3599 221 3633 ex
240 3596 265 3639 r.
285 3582 319 3632 52
339 3580 365 3640 S·
385 3583 401 3629 2
420 3583 554 3641 apparet,
583 3578 630 3628 ubi
671 3585 699 3628 et
716 3591 783 3628 uses
801 3578 931 3638 loquendi
949 3583 977 3629 et
993 3582 1100 3640 tempus
1114 3579 1195 3632 verbi

101 3656 184 3719 plura
207 3668 243 3703 ex
265 3663 299 3701 ea
325 3652 494 3701 reseruntur.
531 3650 627 3710 ltaque
669 3648 741 3698 finiti
757 3649 865 3710 pariter
884 3659 917 3697 ec
932 3648 1074 3712 participii
1091 3650 1194 3716 obstat,

102 3736 226 3786 coccum
241 3734 296 3772 nou
314 3734 374 3770 cum
392 3719 460 3769 Oui.
478 3720 507 3768 et
518 3718 627 3767 Heudio
669 3720 719 3769 sed
733 3719 913 3781 praepositio,
926 3722 956 3769 ut
967 3731 1060 3783 saepe,
1074 3720 1110 3770 ad
1124 3730 1195 3771 cun·

102 3795 184 3844 ll'urs.
213 3795 247 3858 2,
281 3790 333 3841 148
363 3790 499 3839 dictiones
526 3799 628 3853 crore,
668 3789 837 3839 iunctiouem
855 3789 908 3837 loei
926 3788 1134 3852 propinquitate
1148 3790 1193 3841 ei-

101 3864 211 3929 uerbo,
245 3861 408 3911 orationem
432 3858 537 3908 babere
561 3869 627 3907 curn
668 3860 770 3909 tectam
800 3858 966 3921 referenda,
996 3863 1119 3909 ceterum
1140 3860 1195 3909 bue

102 3933 215 3997 dique,
239 3942 328 3995 opere
344 3941 411 3981 cunr
427 3929 532 3992 popule
550 3939 627 3976 eem-
669 3928 699 3978 in
729 3928 828 3990 primis
860 3928 1010 3978 notandum
1039 3926 1194 3991 exemplum

101 4003 268 4065 parantibus
287 4013 337 4063 pro
354 3999 432 4062 opud
448 4010 534 4061 ononi
551 3998 628 4047 euci-
671 4000 715 4047 est
739 3998 816 4047 illius
835 3998 882 4046 vel
902 3996 1056 4048 celeritatis
1076 3998 1124 4049 vel
1141 4008 1193 4049 ne-

103 4073 233 4134 pieudum
250 4082 339 4132 neque
355 4082 417 4119 eum
434 4068 563 4119 Diibuero
579 4079 627 4117 re·
670 4067 830 4132 gligentiae,
850 4079 904 4129 qua
917 4067 1038 4130 scriptor
1050 4080 1109 4117 rem
1122 4078 1197 4129 noru-¹

102 4141 296 4205 stringendum
314 4140 349 4190 ad
369 4140 454 4205 erat,
473 4141 503 4187 ut
519 4136 627 4187 caesar
670 4139 734 4185 dum
765 4140 1005 4189 commemoratam
1029 4136 1111 4199 quasi
1136 4134 1193 4187 iam

102 4213 170 4277 tum,
186 4223 250 4262 cum
265 4208 487 4272 concionaretur,
505 4218 567 4261 eum
582 4206 628 4258 le·
669 4205 936 4277 siteommemoreta,
945 4204 1192 4272 proponereeulet.
