2700 4726
220 328 289 396 464
479 321 551 389 DE
579 318 761 388 uallo
791 318 1046 400 Gallico
1142 371 1144 378 ·

222 511 364 580 concilia
392 510 519 591 inibat,
557 506 836 598 quemadmodum
866 507 1084 595 aGcrgovia
1117 505 1312 575 discederet

220 624 259 667 ac
287 621 407 666 rursus
436 620 566 664 omnem
596 598 779 663 exercitum
806 598 1039 678 contraheret,
1077 619 1119 663 nc
1143 596 1309 683 profectio

220 697 299 755 nata
329 687 375 777 ab'
400 689 520 753 timore
551 685 748 751 defectionis
776 687 965 772 similisque
994 686 1092 770 fugae
1122 683 1310 752 videretur.

219 780 278 845 44.
313 775 407 840 Haec
432 774 596 858 cogitanti
626 773 777 839 accidere
806 774 879 840 visa
900 782 954 839 cst
974 774 1121 845 facultas
1151 773 1310 838 benerei

220 862 396 952 gerendae.
447 862 536 930 Nam
566 883 641 937 cum
669 862 705 927 iu
737 860 866 930 minora
895 867 1007 928 caetra
1037 861 1153 950 operis
1177 859 1312 951 perepi-

287 1070 321 1110 ac
340 1056 452 1115 rursus]
470 1065 521 1106 om.
540 1054 620 1106 vral.
640 1053 675 1103 A.
691 1065 727 1105 oc
742 1064 863 1105 caream
878 1055 957 1105 Leld.
977 1057 1032 1110 Ali.
1053 1053 1134 1105 vind.
1159 1055 1193 1105 A.

287 1126 474 1244 conizaneret]
503 1122 679 1175 contrahere
711 1124 796 1188 Boog.
819 1129 855 1177 A.
887 1125 929 1177 Pl.
963 1126 1028 1178 Par.
1051 1128 1086 1176 A.
1118 1120 1313 1183 (eotrcheret

250 1197 334 1249 vinu.
377 1198 398 1253 .)

286 1261 448 1331 similisque]
472 1263 523 1315 ox.
543 1264 613 1314 flav.
631 1264 664 1312 A.
683 1262 766 1314 vind.
784 1266 817 1313 A.
853 1263 946 1324 Vulgo
962 1262 1064 1314 cimmo
1081 1263 1201 1330 legitera
1236 1263 1308 1326 quod

251 1333 278 1385 si
294 1347 391 1383 verum
410 1341 467 1394 est,
485 1333 544 1394 ipse
562 1332 668 1383 caesar
684 1343 761 1382 suam
782 1333 993 1397 profectionem,
1012 1344 1092 1395 quam
1114 1333 1306 1399 meditabatur,

250 1414 342 1455 natam
361 1402 396 1452 ab
415 1403 510 1452 timore
531 1400 691 1451 deiectionis
710 1401 812 1451 dixisse
831 1409 913 1463 atque
928 1401 955 1450 id
973 1414 1054 1451 unum
1075 1404 1189 1454 eiicere
1206 1410 1235 1451 et
1252 1414 1304 1452 ca-

248 1486 317 1523 vere
337 1471 459 1523 voluisse
477 1470 602 1531 videtur,
627 1482 662 1519 ue
682 1480 717 1518 ca
738 1471 836 1520 similis
857 1472 939 1532 fugae
959 1472 1106 1524 videretur.
1143 1471 1217 1522 illud
1235 1483 1304 1522 vero

248 1555 337 1604 neque
355 1542 442 1603 ipsum
462 1552 557 1602 perse
576 1537 725 1588 verisimile
749 1540 780 1589 at
800 1544 828 1589 et
846 1548 949 1603 pugnat
966 1543 1159 1603 quodammodo
1179 1553 1242 1590 cum
1259 1551 1304 1604 eo,

249 1613 320 1676 quod
338 1622 423 1672 supra
439 1609 654 1671 demonstravit,
686 1616 829 1670 propterea
846 1622 877 1657 sc
894 1621 912 1658 a
929 1611 1069 1672 Gergovia
1087 1612 1232 1662 discedere
1251 1622 1304 1661 vo-

249 1681 352 1744 luisse,
368 1692 401 1728 ne
420 1681 454 1727 ab
473 1679 595 1729 omuibus
612 1677 772 1727 civitatibus
789 1678 1044 1730 circumsisteretur.
1069 1683 1149 1742 ,Nam
1169 1679 1245 1731 aliud
1262 1687 1306 1729 eet

250 1751 325 1801 nolle
343 1749 376 1797 ab
394 1748 515 1798 omuibus
534 1747 698 1796 circumsisti
720 1748 801 1810 idque
817 1760 852 1798 uc
872 1747 937 1810 ilat,
971 1749 1081 1812 timere,
1115 1749 1192 1800 aliud
1209 1748 1307 1799 timere

251 1816 440 1868 delectionem.
484 1818 519 1866 lit
544 1816 568 1864 si
585 1827 637 1885 nou
658 1820 772 1878 pugnat,
797 1827 1031 1883 supervacaneum
1049 1819 1080 1868 iit
1098 1831 1150 1885 eo,
1183 1820 1257 1881 quod
1271 1820 1306 1868 de

252 1885 367 1937 consilio
389 1885 519 1935 caecaris
544 1885 599 1933 iam
623 1884 714 1933 edocti
737 1898 839 1935 sumus.
880 1885 909 1934 Si
934 1882 1001 1935 vero
1027 1888 1068 1936 iris
1088 1890 1121 1937 de
1140 1887 1236 1938 causis
1252 1899 1307 1938 uon

250 1954 380 2008 Caesaris
397 1957 465 2002 hauc
483 1953 694 2009 confessionem,
716 1957 764 2004 aed
783 1953 897 2004 hostium
918 1955 1069 2016 opinionem
1086 1970 1149 2007 ease
1170 1959 1305 2021 volumus,

249 2030 280 2078 ut
305 2023 383 2088 quasi
402 2036 436 2072 ex
456 2034 503 2073 ore
523 2034 613 2072 eorum
629 2021 722 2082 petitis
742 2026 837 2074 verbis
854 2025 988 2084 profectio
1005 2025 1102 2088 quippe
1123 2034 1191 2077 nata
1209 2029 1244 2079 ale
1266 2025 1306 2076 ti·

242 2107 323 2148 ·morc
347 2093 445 2142 similis
468 2092 552 2154 fugae
576 2091 698 2153 dicatur,
730 2092 906 2156 ambiguitate
925 2094 1093 2145 offenda-ur
1113 2107 1230 2146 neccsse
1249 2103 1304 2162 eet,

247 2176 330 2229 quam
347 2160 466 2224 scriptor
483 2160 577 2231 verbis
596 2172 647 2210 uon
666 2160 763 2226 miuus,
782 2177 860 2225 quam
881 2162 984 2223 timoris
999 2165 1183 2224 suspicionem
1198 2165 1305 2217 caesar

246 2236 330 2286 mbas
355 2233 444 2281 vitare
468 2231 585 2279 debebat
610 2233 638 2278 et
658 2239 712 2292 que
729 2232 879 2283 adsimilis
897 2232 1004 2282 adiecto
1024 2234 1158 2284 facillime
1175 2243 1203 2283 et
1222 2235 1304 2295 plane

249 2316 299 2354 suo
315 2306 391 2352 more
408 2300 523 2349 vitabat.
558 2298 617 2348 lloo
634 2297 716 2357 igitur
733 2301 813 2351 etiam
831 2303 899 2352 liud.
918 2302 1006 2352 iudice
1023 2314 1075 2352 nou
1092 2304 1164 2352 maie
1182 2305 1304 2354 additum

245 2374 276 2424 in
300 2372 351 2425 ox.
379 2369 525 2419 accedente
550 2369 661 2416 duorum
681 2368 801 2418 codicum
822 2372 984 2421 auctoritate
1002 2372 1107 2436 adieci,
1136 2373 1304 2433 praesertin

246 2454 308 2493 com
330 2449 357 2488 et
382 2436 449 2486 aiibi
472 2447 555 2494 saepe
581 2439 608 2484 et
626 2437 676 2483 loc
695 2437 754 2498 ipso
771 2438 799 2488 iu
817 2440 907 2502 capite
926 2441 1028 2503 copula
1046 2448 1148 2490 temere
1165 2443 1195 2492 ιἰι
1211 2443 1301 2495 altero

243 2521 345 2578 genere
363 2504 486 2555 codicum
504 2503 606 2554 omissa
624 2503 670 2552 eit.

278 2578 345 2639 cap.
364 2571 408 2623 44.
432 2574 488 2636 §.1
521 2575 589 2622 bene
608 2572 649 2620 rei
666 2573 818 2636 gerendae]
850 2585 877 2627 r.
896 2575 920 2627 b.
937 2590 965 2642 p.
982 2577 1053 2629 ven.
1071 2579 1092 2630 i.
1111 2577 1152 2628 cl.
1178 2577 1203 2628 i.
1222 2592 1252 2646 p.
1266 2591 1301 2633 r.

216 2624 313 2696 Onna.
335 2642 677 2697 01.Leid.A.liav.A.
697 2641 780 2693 Viud.
800 2644 834 2694 Α.
855 2646 924 2698 0ud.
943 2650 993 2704 (-
1009 2648 1131 2712 penendi
1147 2651 1212 2700 ante
1231 2662 1304 2705 corr.

244 2718 291 2768 Dr.
311 2718 361 2774 A.)
954 2740 956 2745 ·

277 2784 304 2834 iu
323 2784 429 2833 minora
445 2778 553 2847 castra]
583 2779 688 2846 „diss
708 2777 833 2842 plerique
841 2775 860 2808 “
884 2781 944 2831 Pet.
970 2783 1044 2836 (loct.
1064 2768 1149 2838 Vo’se.
1169 2789 1204 2838 A.
1223 2789 1301 2852 ligre.

243 2853 326 2904 Fabr.
351 2853 425 2904 liar.
444 2854 478 2902 A.
505 2850 579 2902 Gott.
604 2849 706 2898 iliberi.
735 2850 820 2910 Boug.
839 2852 873 2899 A.
899 2851 940 2900 Pl.
961 2853 1023 2906 Par.
1044 2856 1078 2905 A.
1096 2856 1144 2906 Dr.
1165 2860 1199 2909 A.
1218 2859 1301 2914 Vrat.

244 2924 300 2976 AB.
319 2921 402 2973 Vind.
418 2920 464 2972 iil.
483 2921 536 2970 Gn.
553 2919 585 2969 io
603 2932 627 2971 c.
645 2929 683 2967 m.
702 2917 776 2969 liar.
793 2917 829 2968 A.
848 2918 923 2979 Gott,
941 2922 1041 2974 waic.
1059 2923 1091 2975 in
1108 2925 1259 2981 minorato
1274 2941 1302 2987 c.

207 3095 335 3160 ponenda
351 3091 399 3158 sit,
419 3099 463 3142 est
481 3095 509 3154 2,
526 3088 560 3142 a5
578 3089 605 3151 S.
623 3094 640 3142 3
657 3099 685 3141 ct
705 3087 733 3157 5,
775 3092 859 3156 paulo
890 3094 955 3143 aute
992 3094 1137 3149 consilium
1168 3099 1304 3154 Caesaris

207 3166 223 3214 1
250 3164 276 3226 s.
301 3162 326 3216 5.
362 3165 422 3214 Hoc
442 3173 509 3211 vero
527 3161 603 3224 ioco,
623 3159 734 3226 puleo-
776 3162 947 3212 deciaratum
968 3163 1086 3216 vidimus
1096 3201 1105 3234 ,
1138 3170 1167 3218 ct
1186 3185 1302 3236 compo.

206 3232 409 3296 deopertum,
426 3231 497 3280 inter
511 3232 619 3294 reparas
634 3231 731 3294 appel·
775 3233 890 3283 randum
908 3246 968 3282 cum
985 3247 1019 3284 eo
1038 3241 1093 3300 eet,
1110 3240 1183 3301 quod
1195 3244 1302 3309 legitur

205 3302 250 3354 lot
274 3306 301 3352 et
322 3301 382 3365 ipse
401 3299 521 3350 coasilia
536 3298 626 3349 inibat
645 3300 731 3349 inter·
775 3304 803 3371 6,
822 3302 839 3349 9
852 3304 878 3364 s.
893 3302 919 3366 7,
934 3307 1113 3374 rependant,
1126 3309 1172 3357 ubi
1184 3315 1220 3364 cf.
1234 3316 1301 3373 nnn,

204 3371 279 3424 iacta
311 3371 476 3433 appellantis
507 3370 593 3419 verba
616 3368 731 3418 reditum
825 3370 978 3433 similisque
999 3373 1096 3439 fugae]
1129 3378 1172 3428 ci.
1200 3384 1233 3448 5,
1262 3382 1300 3437 47

204 3442 240 3493 ad
256 3452 400 3506 personam
421 3440 503 3501 paulo
527 3438 732 3488 inculcationem
773 3438 802 3500 S.
819 3438 836 3489 4
854 3441 882 3489 et
899 3439 943 3506 5³,
963 3444 980 3491 6
998 3443 1091 3508 ibique
1108 3448 1174 3497 adn.

204 3512 336 3575 reddunt,
366 3523 445 3573 quam
463 3509 512 3557 aut
527 3506 731 3568 praetermissis
823 3508 889 3570 cap.
903 3506 948 3560 lt.
968 3510 994 3568 S.
1009 3513 1024 3560 1
1044 3517 1174 3568 benerei
1192 3532 1297 3584 geren.

202 3579 262 3632 lilis
280 3587 328 3632 ant
350 3578 467 3641 repetita
484 3578 634 3640 legatorum
652 3588 731 3628 men·
773 3577 840 3638 dae]
867 3591 922 3630 nou
942 3581 1019 3651 eius,
1036 3597 1107 3646 quae
1122 3588 1203 3639 modo
1221 3603 1298 3643 com-

203 3649 277 3699 tloue
296 3650 406 3698 iuturus
425 3647 532 3696 luisset.
772 3652 925 3700 memorata
939 3653 992 3717 est,
1011 3657 1061 3705 sed
1074 3646 1204 3722 alicuius,
1223 3673 1296 3725 quas

256 3717 368 3776 rursus]
403 3719 462 3766 lloc
487 3715 602 3778 proprie
627 3713 729 3765 dictum
772 3717 797 3767 si
822 3723 903 3781 gesta
929 3733 1020 3789 esset,
1053 3727 1122 3777 bene
1140 3732 1224 3792 'gesta
1241 3731 1297 3784 dici

203 3785 295 3837 videri
322 3797 406 3847 posse
430 3787 465 3834 ad
492 3783 730 3845 c.3ts.1mc·
771 3792 886 3850 posset:
913 3791 948 3842 de
966 3793 1104 3860 faireun
1122 3795 1294 3870 beaucoup,

202 3854 261 3906 nai.
306 3856 475 3917 Quamquam
503 3854 575 3905 ninii
606 3855 728 3919 impedit,
771 3858 802 3907 ut
825 3860 913 3911 vertit
929 3862 1154 3916 Ablaucourtius.
1187 3869 1295 3922 Simili.

203 3935 257 3988 quo
274 3925 364 3974 miuus
380 3925 480 3988 opponi
493 3928 600 3975 tautum
615 3928 727 3975 coutra-
771 3928 816 3976 ter
839 3926 887 3994 5,,
904 3930 938 3981 57
959 3932 984 3995 s.
1004 3935 1036 3986 le
1069 3934 1238 4002 (Labienus)
1257 3941 1295 3994 de

201 3993 259 4046 ctio
283 3994 415 4044 divisioni
441 3995 491 4051 illo
515 3997 577 4046 loco
605 4007 726 4045 comme-
769 4009 822 4047 coo
850 4011 886 4051 oc
909 4002 1030 4064 iepicnic
1058 4006 1190 4068 pertento
1221 4009 1294 4062 palpa

201 4066 327 4116 moratae
351 4064 500 4116 statuatur.
537 4065 579 4115 el.
607 4065 671 4116 adn.
689 4064 725 4116 ad
768 4067 901 4120 timebat.-
934 4083 971 4122 ne
998 4085 1084 4137 quana
1115 4078 1293 4132 oecumenem

201 4131 235 4202 4,
253 4134 269 4183 1
290 4134 316 4196 s.
336 4134 362 4217 5..
710 4191 712 4196 ,
768 4137 814 4188 rei
844 4138 914 4190 leae
942 4144 1088 4208 gerendae
1118 4146 1291 4218 amitteret,

254 4203 304 4264 ue]
324 4203 472 4256 Diversum
484 4205 537 4258 loc
549 4213 585 4257 ac
597 4203 657 4274 illo,
670 4216 725 4270 ouo
767 4205 918 4274 concolor.
