<?xml version="1.0" encoding="UTF-8"?>
<!DOCTYPE html PUBLIC "-//W3C//DTD XHTML 1.0 Transitional//EN"
    "http://www.w3.org/TR/xhtml1/DTD/xhtml1-transitional.dtd">
<html xmlns="http://www.w3.org/1999/xhtml" xml:lang="en" lang="en">
 <head>
  <title>
</title>
<meta http-equiv="Content-Type" content="text/html;charset=utf-8" />
  <meta name='ocr-system' content='tesseract 3.04.00' />
  <meta name='ocr-capabilities' content='ocr_page ocr_carea ocr_par ocr_line ocrx_word'/>
</head>
<body>
  <div class='ocr_page' id='page_1' title='image "./commentariidebe00schngoog_0315.png"; bbox 0 0 2700 4726; ppageno 0'>
   <div class='ocr_carea' id='block_1_1' title="bbox 107 250 1043 353">
    <p class='ocr_par' dir='ltr' id='par_1_1' title="bbox 107 250 1043 353">
     <span class='ocr_line' id='line_1_1' title="bbox 107 250 1043 353; baseline -0.004 -5"><span class='ocrx_word' id='word_1_1' title='bbox 107 250 116 275; x_wconf 86' lang='grc'><strong>“</strong></span> <span class='ocrx_word' id='word_1_2' title='bbox 215 276 283 350; x_wconf 84' lang='lat' dir='ltr'><strong>sas</strong></span> <span class='ocrx_word' id='word_1_3' title='bbox 360 342 368 353; x_wconf 83' lang='lat'>.</span> <span class='ocrx_word' id='word_1_4' title='bbox 477 274 1043 350; x_wconf 82' lang='lat' dir='ltr'><strong>onunntouunnroo</strong></span> 
     </span>
    </p>
   </div>
   <div class='ocr_carea' id='block_1_2' title="bbox 98 436 1306 642">
    <p class='ocr_par' dir='ltr' id='par_1_2' title="bbox 98 436 1306 642">
     <span class='ocr_line' id='line_1_2' title="bbox 98 436 1306 556; baseline -0.002 -23"><span class='ocrx_word' id='word_1_5' title='bbox 98 436 102 445; x_wconf 38' lang='lat'>⁵</span> <span class='ocrx_word' id='word_1_6' title='bbox 170 465 305 554; x_wconf 77' lang='lat' dir='ltr'><strong>bgium</strong></span> <span class='ocrx_word' id='word_1_7' title='bbox 328 489 483 556; x_wconf 84' lang='lat' dir='ltr'><strong>magnum</strong></span> <span class='ocrx_word' id='word_1_8' title='bbox 510 469 614 537; x_wconf 83' lang='lat' dir='ltr'><strong>habet</strong></span> <span class='ocrx_word' id='word_1_9' title='bbox 635 475 852 538; x_wconf 86' lang='lat' dir='ltr'><strong>momentum.</strong></span> <span class='ocrx_word' id='word_1_10' title='bbox 903 466 982 535; x_wconf 80' lang='lat' dir='ltr'><strong>Alii</strong></span> <span class='ocrx_word' id='word_1_11' title='bbox 1010 465 1080 532; x_wconf 89' lang='lat' dir='ltr'><strong>tela</strong></span> <span class='ocrx_word' id='word_1_12' title='bbox 1108 461 1306 547; x_wconf 85' lang='lat' dir='ltr'><strong>coniiciunt,</strong></span> 
     </span>
     <span class='ocr_line' id='line_1_3' title="bbox 214 552 1305 642; baseline -0.002 -21"><span class='ocrx_word' id='word_1_13' title='bbox 214 556 275 621; x_wconf 78' lang='lat' dir='ltr'><strong>alii</strong></span> <span class='ocrx_word' id='word_1_14' title='bbox 297 557 469 625; x_wconf 74' lang='lat' dir='ltr'><strong>testudine</strong></span> <span class='ocrx_word' id='word_1_15' title='bbox 496 559 588 625; x_wconf 87' lang='lat' dir='ltr'><strong>iacta</strong></span> <span class='ocrx_word' id='word_1_16' title='bbox 615 558 781 640; x_wconf 77' lang='lat' dir='ltr'><strong>subeuut3</strong></span> <span class='ocrx_word' id='word_1_17' title='bbox 809 555 1004 642; x_wconf 75' lang='lat' dir='ltr'><strong>defatigatis</strong></span> <span class='ocrx_word' id='word_1_18' title='bbox 1034 552 1195 619; x_wconf 84' lang='lat' dir='ltr'><strong>invicem</strong></span> <span class='ocrx_word' id='word_1_19' title='bbox 1216 552 1305 619; x_wconf 83' lang='lat' dir='ltr'><strong>iute-</strong></span> 
     </span>
    </p>
   </div>
   <div class='ocr_carea' id='block_1_3' title="bbox 245 716 1305 1085">
    <p class='ocr_par' dir='ltr' id='par_1_3' title="bbox 245 716 1305 1085">
     <span class='ocr_line' id='line_1_4' title="bbox 246 716 1305 813; baseline -0.002 -17"><span class='ocrx_word' id='word_1_20' title='bbox 246 746 308 810; x_wconf 87' lang='lat' dir='ltr'><strong>pius</strong></span> <span class='ocrx_word' id='word_1_21' title='bbox 325 728 400 799; x_wconf 73' lang='lat' dir='ltr'><strong>=verit</strong></span> <span class='ocrx_word' id='word_1_22' title='bbox 423 751 628 813; x_wconf 79' lang='lat' dir='ltr'><strong>ligmoulanum</strong></span> <span class='ocrx_word' id='word_1_23' title='bbox 652 749 712 801; x_wconf 86' lang='lat' dir='ltr'><strong>eius</strong></span> <span class='ocrx_word' id='word_1_24' title='bbox 737 716 798 799; x_wconf 72' lang='grc' dir='ltr'><strong>1οῶ</strong></span> <span class='ocrx_word' id='word_1_25' title='bbox 821 748 978 799; x_wconf 70' lang='lat' dir='ltr'><strong><em>adscensus</em></strong></span> <span class='ocrx_word' id='word_1_26' title='bbox 1002 744 1104 797; x_wconf 85' lang='lat' dir='ltr'><strong>babere</strong></span> <span class='ocrx_word' id='word_1_27' title='bbox 1127 740 1212 809; x_wconf 82' lang='lat' dir='ltr'><strong>civit,</strong></span> <span class='ocrx_word' id='word_1_28' title='bbox 1233 741 1305 806; x_wconf 79' lang='lat' dir='ltr'><strong>quet</strong></span> 
     </span>
     <span class='ocr_line' id='line_1_5' title="bbox 246 812 1305 884; baseline -0.002 -19"><span class='ocrx_word' id='word_1_29' title='bbox 246 817 321 868; x_wconf 87' lang='lat' dir='ltr'><strong>infra</strong></span> <span class='ocrx_word' id='word_1_30' title='bbox 338 816 365 878; x_wconf 76' lang='lat' dir='ltr'><strong>S.</strong></span> <span class='ocrx_word' id='word_1_31' title='bbox 381 820 526 870; x_wconf 72' lang='lat' dir='ltr'><strong>suompte</strong></span> <span class='ocrx_word' id='word_1_32' title='bbox 543 821 577 870; x_wconf 80' lang='lat' dir='ltr'><strong>ie</strong></span> <span class='ocrx_word' id='word_1_33' title='bbox 596 821 674 884; x_wconf 80' lang='lat' dir='ltr'><strong>lign.</strong></span> <span class='ocrx_word' id='word_1_34' title='bbox 691 819 880 879; x_wconf 79' lang='lat' dir='ltr'><strong>oudendorpio</strong></span> <span class='ocrx_word' id='word_1_35' title='bbox 898 829 946 878; x_wconf 86' lang='lat' dir='ltr'><strong>pro</strong></span> <span class='ocrx_word' id='word_1_36' title='bbox 964 815 1136 866; x_wconf 75' lang='lat' dir='ltr'><strong>clamosam</strong></span> <span class='ocrx_word' id='word_1_37' title='bbox 1155 814 1259 874; x_wconf 87' lang='lat' dir='ltr'><strong>legitur</strong></span> <span class='ocrx_word' id='word_1_38' title='bbox 1275 812 1305 863; x_wconf 89' lang='lat' dir='ltr'><strong>iu</strong></span> 
     </span>
     <span class='ocr_line' id='line_1_6' title="bbox 246 880 1304 954; baseline -0.008 -16"><span class='ocrx_word' id='word_1_39' title='bbox 246 888 324 945; x_wconf 70' lang='lat' dir='ltr'><strong>ligus</strong></span> <span class='ocrx_word' id='word_1_40' title='bbox 343 887 425 938; x_wconf 79' lang='lat' dir='ltr'><strong>liabr.</strong></span> <span class='ocrx_word' id='word_1_41' title='bbox 442 897 470 938; x_wconf 89' lang='lat' dir='ltr'><strong>et</strong></span> <span class='ocrx_word' id='word_1_42' title='bbox 489 883 567 939; x_wconf 85' lang='lat' dir='ltr'><strong>Vret.</strong></span> <span class='ocrx_word' id='word_1_43' title='bbox 582 891 631 954; x_wconf 80' lang='lat' dir='ltr'><strong>A.,</strong></span> <span class='ocrx_word' id='word_1_44' title='bbox 652 887 731 938; x_wconf 91' lang='lat' dir='ltr'><strong>cuius</strong></span> <span class='ocrx_word' id='word_1_45' title='bbox 748 887 835 950; x_wconf 89' lang='lat' dir='ltr'><strong>ipsius</strong></span> <span class='ocrx_word' id='word_1_46' title='bbox 852 889 914 938; x_wconf 91' lang='lat' dir='ltr'><strong>loco</strong></span> <span class='ocrx_word' id='word_1_47' title='bbox 931 885 999 949; x_wconf 79' lang='lat' dir='ltr'><strong>quoi</strong></span> <span class='ocrx_word' id='word_1_48' title='bbox 1021 884 1090 934; x_wconf 80' lang='lat' dir='ltr'><strong>oud.</strong></span> <span class='ocrx_word' id='word_1_49' title='bbox 1108 883 1137 932; x_wconf 91' lang='lat' dir='ltr'><strong>iu</strong></span> <span class='ocrx_word' id='word_1_50' title='bbox 1154 881 1206 932; x_wconf 82' lang='lat' dir='ltr'><strong>ox.</strong></span> <span class='ocrx_word' id='word_1_51' title='bbox 1229 880 1304 931; x_wconf 87' lang='lat' dir='ltr'><strong>ecri-</strong></span> 
     </span>
     <span class='ocr_line' id='line_1_7' title="bbox 247 951 1303 1018; baseline 0 -15"><span class='ocrx_word' id='word_1_52' title='bbox 247 957 321 1015; x_wconf 87' lang='lat' dir='ltr'><strong>pturu</strong></span> <span class='ocrx_word' id='word_1_53' title='bbox 347 957 611 1018; x_wconf 63' lang='lat' dir='ltr'><strong>notatissimum,</strong></span> <span class='ocrx_word' id='word_1_54' title='bbox 643 958 670 1007; x_wconf 87' lang='lat' dir='ltr'><strong>il</strong></span> <span class='ocrx_word' id='word_1_55' title='bbox 694 960 746 1006; x_wconf 85' lang='lat' dir='ltr'><strong>buc</strong></span> <span class='ocrx_word' id='word_1_56' title='bbox 768 957 939 1008; x_wconf 84' lang='lat' dir='ltr'><strong>referentum</strong></span> <span class='ocrx_word' id='word_1_57' title='bbox 966 952 1081 1006; x_wconf 82' lang='lat' dir='ltr'><strong>vitetur.</strong></span> <span class='ocrx_word' id='word_1_58' title='bbox 1109 951 1303 1012; x_wconf 82' lang='lat' dir='ltr'><strong>(eclivliateet</strong></span> 
     </span>
     <span class='ocr_line' id='line_1_8' title="bbox 245 1023 779 1085; baseline 0 -11"><span class='ocrx_word' id='word_1_59' title='bbox 245 1023 330 1075; x_wconf 79' lang='lat' dir='ltr'><strong>Vini.</strong></span> <span class='ocrx_word' id='word_1_60' title='bbox 345 1027 380 1075; x_wconf 83' lang='grc' dir='ltr'><strong>Δ.</strong></span> <span class='ocrx_word' id='word_1_61' title='bbox 404 1027 584 1080; x_wconf 85' lang='lat' dir='ltr'><strong>volivitctem</strong></span> <span class='ocrx_word' id='word_1_62' title='bbox 601 1027 660 1078; x_wconf 79' lang='lat' dir='ltr'><strong>Pet.</strong></span> <span class='ocrx_word' id='word_1_63' title='bbox 676 1025 779 1085; x_wconf 80' lang='lat' dir='ltr'><strong>Gonu.)</strong></span> 
     </span>
    </p>
   </div>
   <div class='ocr_carea' id='block_1_4' title="bbox 109 1187 1303 3402">
    <p class='ocr_par' dir='ltr' id='par_1_4' title="bbox 109 1187 1303 3402">
     <span class='ocr_line' id='line_1_9' title="bbox 209 1187 1303 1262; baseline -0.006 -16"><span class='ocrx_word' id='word_1_64' title='bbox 209 1191 394 1262; x_wconf 79' lang='lat' dir='ltr'><strong>momentum]</strong></span> <span class='ocrx_word' id='word_1_65' title='bbox 424 1197 500 1247; x_wconf 83' lang='lat' dir='ltr'><strong>Haec</strong></span> <span class='ocrx_word' id='word_1_66' title='bbox 525 1194 662 1249; x_wconf 87' lang='lat' dir='ltr'><strong>sententia</strong></span> <span class='ocrx_word' id='word_1_67' title='bbox 683 1209 734 1247; x_wconf 90' lang='lat' dir='ltr'><strong>cnr</strong></span> <span class='ocrx_word' id='word_1_68' title='bbox 776 1191 917 1257; x_wconf 70' lang='lat' dir='ltr'><strong>fastigium</strong></span> <span class='ocrx_word' id='word_1_69' title='bbox 947 1204 1007 1243; x_wconf 87' lang='lat' dir='ltr'><strong>cum</strong></span> <span class='ocrx_word' id='word_1_70' title='bbox 1037 1189 1161 1241; x_wconf 86' lang='lat' dir='ltr'><strong>subiecta</strong></span> <span class='ocrx_word' id='word_1_71' title='bbox 1188 1187 1303 1252; x_wconf 85' lang='lat' dir='ltr'><strong>planitie</strong></span> 
     </span>
     <span class='ocr_line' id='line_1_10' title="bbox 208 1260 1303 1332; baseline -0.004 -18"><span class='ocrx_word' id='word_1_72' title='bbox 208 1276 260 1328; x_wconf 86' lang='lat' dir='ltr'><strong>pro</strong></span> <span class='ocrx_word' id='word_1_73' title='bbox 275 1264 406 1315; x_wconf 87' lang='lat' dir='ltr'><strong>commoni</strong></span> <span class='ocrx_word' id='word_1_74' title='bbox 420 1267 610 1332; x_wconf 68' lang='lat' dir='ltr'><strong>subenensis,</strong></span> <span class='ocrx_word' id='word_1_75' title='bbox 629 1267 732 1317; x_wconf 83' lang='lat' dir='ltr'><strong>inodo.</strong></span> <span class='ocrx_word' id='word_1_76' title='bbox 776 1266 906 1316; x_wconf 85' lang='lat' dir='ltr'><strong>collutum</strong></span> <span class='ocrx_word' id='word_1_77' title='bbox 939 1263 1009 1313; x_wconf 82' lang='lat' dir='ltr'><strong>baud</strong></span> <span class='ocrx_word' id='word_1_78' title='bbox 1045 1260 1126 1311; x_wconf 84' lang='lat' dir='ltr'><strong>dubie</strong></span> <span class='ocrx_word' id='word_1_79' title='bbox 1164 1271 1303 1326; x_wconf 81' lang='lat' dir='ltr'><strong>magnum,</strong></span> 
     </span>
     <span class='ocr_line' id='line_1_11' title="bbox 210 1332 1302 1399; baseline -0.005 -17"><span class='ocrx_word' id='word_1_80' title='bbox 210 1332 271 1384; x_wconf 88' lang='lat' dir='ltr'><strong>crit.</strong></span> <span class='ocrx_word' id='word_1_81' title='bbox 303 1333 417 1384; x_wconf 83' lang='lat' dir='ltr'><strong>ostendi.</strong></span> <span class='ocrx_word' id='word_1_82' title='bbox 463 1337 559 1399; x_wconf 82' lang='lat' dir='ltr'><strong>Neque</strong></span> <span class='ocrx_word' id='word_1_83' title='bbox 590 1348 656 1386; x_wconf 83' lang='lat' dir='ltr'><strong>vero</strong></span> <span class='ocrx_word' id='word_1_84' title='bbox 680 1348 732 1385; x_wconf 92' lang='lat' dir='ltr'><strong>uon</strong></span> <span class='ocrx_word' id='word_1_85' title='bbox 777 1335 841 1398; x_wconf 86' lang='lat' dir='ltr'><strong>quia</strong></span> <span class='ocrx_word' id='word_1_86' title='bbox 867 1343 935 1383; x_wconf 85' lang='lat' dir='ltr'><strong>vero</strong></span> <span class='ocrx_word' id='word_1_87' title='bbox 958 1333 1119 1382; x_wconf 75' lang='lat' dir='ltr'>descensum</span> <span class='ocrx_word' id='word_1_88' title='bbox 1143 1339 1197 1380; x_wconf 93' lang='lat' dir='ltr'><strong>non</strong></span> <span class='ocrx_word' id='word_1_89' title='bbox 1218 1338 1302 1392; x_wconf 85' lang='lat' dir='ltr'><strong>prae-</strong></span> 
     </span>
     <span class='ocr_line' id='line_1_12' title="bbox 210 1398 1302 1468; baseline -0.004 -16"><span class='ocrx_word' id='word_1_90' title='bbox 210 1403 350 1453; x_wconf 85' lang='lat' dir='ltr'><strong>couliouat</strong></span> <span class='ocrx_word' id='word_1_91' title='bbox 373 1402 414 1452; x_wconf 92' lang='lat' dir='ltr'><strong>rei</strong></span> <span class='ocrx_word' id='word_1_92' title='bbox 438 1406 535 1468; x_wconf 81' lang='lat' dir='ltr'><strong>gestae</strong></span> <span class='ocrx_word' id='word_1_93' title='bbox 565 1405 730 1456; x_wconf 81' lang='lat' dir='ltr'><strong>declaratio·</strong></span> <span class='ocrx_word' id='word_1_94' title='bbox 776 1411 900 1467; x_wconf 83' lang='lat' dir='ltr'><strong>ruptum,</strong></span> <span class='ocrx_word' id='word_1_95' title='bbox 934 1403 982 1451; x_wconf 83' lang='lat' dir='ltr'><strong>seli</strong></span> <span class='ocrx_word' id='word_1_96' title='bbox 1005 1400 1112 1449; x_wconf 89' lang='lat' dir='ltr'><strong>mollem</strong></span> <span class='ocrx_word' id='word_1_97' title='bbox 1137 1411 1172 1449; x_wconf 89' lang='lat' dir='ltr'><strong>au</strong></span> <span class='ocrx_word' id='word_1_98' title='bbox 1200 1398 1302 1448; x_wconf 88' lang='lat' dir='ltr'><strong>leuiter</strong></span> 
     </span>
     <span class='ocr_line' id='line_1_13' title="bbox 208 1468 1301 1535; baseline -0.005 -14"><span class='ocrx_word' id='word_1_99' title='bbox 208 1483 279 1535; x_wconf 91' lang='lat' dir='ltr'><strong>nem,</strong></span> <span class='ocrx_word' id='word_1_100' title='bbox 297 1474 731 1535; x_wconf 82' lang='lat' dir='ltr'><strong>sedquodtalefnstigiumsem·</strong></span> <span class='ocrx_word' id='word_1_101' title='bbox 775 1472 909 1521; x_wconf 83' lang='lat' dir='ltr'><strong>declivem</strong></span> <span class='ocrx_word' id='word_1_102' title='bbox 936 1473 975 1530; x_wconf 90' lang='lat' dir='ltr'><strong>(c.</strong></span> <span class='ocrx_word' id='word_1_103' title='bbox 997 1469 1032 1520; x_wconf 76' lang='lat'><strong>83</strong></span> <span class='ocrx_word' id='word_1_104' title='bbox 1057 1468 1084 1529; x_wconf 76' lang='lat'><strong>8.</strong></span> <span class='ocrx_word' id='word_1_105' title='bbox 1109 1471 1141 1530; x_wconf 81' lang='lat'><strong>2)</strong></span> <span class='ocrx_word' id='word_1_106' title='bbox 1172 1468 1301 1531; x_wconf 88' lang='lat' dir='ltr'><strong>babebat,</strong></span> 
     </span>
     <span class='ocr_line' id='line_1_14' title="bbox 208 1536 1302 1606; baseline -0.006 -16"><span class='ocrx_word' id='word_1_107' title='bbox 208 1553 260 1601; x_wconf 89' lang='lat' dir='ltr'><strong>per</strong></span> <span class='ocrx_word' id='word_1_108' title='bbox 277 1543 305 1589; x_wconf 89' lang='lat' dir='ltr'><strong>et</strong></span> <span class='ocrx_word' id='word_1_109' title='bbox 325 1543 424 1602; x_wconf 81' lang='lat' dir='ltr'><strong>ubique</strong></span> <span class='ocrx_word' id='word_1_110' title='bbox 444 1544 544 1594; x_wconf 87' lang='lat' dir='ltr'><strong>babeat</strong></span> <span class='ocrx_word' id='word_1_111' title='bbox 560 1546 732 1606; x_wconf 75' lang='lat' dir='ltr'><strong>momentum,</strong></span> <span class='ocrx_word' id='word_1_112' title='bbox 776 1543 810 1590; x_wconf 85' lang='lat' dir='ltr'><strong>ad</strong></span> <span class='ocrx_word' id='word_1_113' title='bbox 840 1539 1025 1590; x_wconf 82' lang='lat' dir='ltr'><strong>declivitatem</strong></span> <span class='ocrx_word' id='word_1_114' title='bbox 1056 1544 1118 1586; x_wconf 87' lang='lat' dir='ltr'><strong>erat</strong></span> <span class='ocrx_word' id='word_1_115' title='bbox 1146 1536 1302 1603; x_wconf 73' lang='lat' dir='ltr'><strong>enipeum.-</strong></span> 
     </span>
     <span class='ocr_line' id='line_1_15' title="bbox 209 1604 1301 1675; baseline 0.001 -17"><span class='ocrx_word' id='word_1_116' title='bbox 209 1609 238 1659; x_wconf 82' lang='lat' dir='ltr'><strong>it</strong></span> <span class='ocrx_word' id='word_1_117' title='bbox 255 1614 310 1659; x_wconf 87' lang='lat' dir='ltr'><strong>tum</strong></span> <span class='ocrx_word' id='word_1_118' title='bbox 327 1621 431 1674; x_wconf 81' lang='lat' dir='ltr'><strong>quoque</strong></span> <span class='ocrx_word' id='word_1_119' title='bbox 449 1615 476 1660; x_wconf 89' lang='lat' dir='ltr'><strong>et</strong></span> <span class='ocrx_word' id='word_1_120' title='bbox 494 1612 541 1663; x_wconf 89' lang='lat' dir='ltr'><strong>llio</strong></span> <span class='ocrx_word' id='word_1_121' title='bbox 557 1613 584 1661; x_wconf 91' lang='lat' dir='ltr'><strong>in</strong></span> <span class='ocrx_word' id='word_1_122' title='bbox 602 1615 662 1664; x_wconf 94' lang='lat' dir='ltr'><strong>loco</strong></span> <span class='ocrx_word' id='word_1_123' title='bbox 679 1624 731 1675; x_wconf 87' lang='lat' dir='ltr'><strong>ap·</strong></span> <span class='ocrx_word' id='word_1_124' title='bbox 776 1610 827 1665; x_wconf 79' lang='lat' dir='ltr'><strong>aiut</strong></span> <span class='ocrx_word' id='word_1_125' title='bbox 854 1609 880 1663; x_wconf 83' lang='lat' dir='ltr'><strong>iu</strong></span> <span class='ocrx_word' id='word_1_126' title='bbox 905 1607 1015 1674; x_wconf 68' lang='lat' dir='ltr'><strong>-biafidpi</strong></span> <span class='ocrx_word' id='word_1_127' title='bbox 1044 1607 1092 1671; x_wconf 78' lang='lat' dir='ltr'><strong>oui</strong></span> <span class='ocrx_word' id='word_1_128' title='bbox 1115 1604 1301 1673; x_wconf 74' lang='lat' dir='ltr'><strong>libidpitifipieit</strong></span> 
     </span>
     <span class='ocr_line' id='line_1_16' title="bbox 207 1674 1300 1747; baseline 0 -18"><span class='ocrx_word' id='word_1_129' title='bbox 207 1679 336 1741; x_wconf 86' lang='lat' dir='ltr'><strong>paroisse</strong></span> <span class='ocrx_word' id='word_1_130' title='bbox 349 1679 463 1742; x_wconf 79' lang='lat' dir='ltr'><strong>incoque</strong></span> <span class='ocrx_word' id='word_1_131' title='bbox 476 1693 531 1730; x_wconf 85' lang='lat' dir='ltr'><strong>rem</strong></span> <span class='ocrx_word' id='word_1_132' title='bbox 546 1681 602 1747; x_wconf 81' lang='lat' dir='ltr'><strong>ita,</strong></span> <span class='ocrx_word' id='word_1_133' title='bbox 620 1684 650 1731; x_wconf 85' lang='lat' dir='ltr'><strong>ut</strong></span> <span class='ocrx_word' id='word_1_134' title='bbox 664 1690 730 1729; x_wconf 84' lang='lat' dir='ltr'><strong>eve·</strong></span> <span class='ocrx_word' id='word_1_135' title='bbox 775 1679 955 1734; x_wconf 83' lang='lat' dir='ltr'><strong>uubtbcutmbc</strong></span> <span class='ocrx_word' id='word_1_136' title='bbox 969 1674 1103 1745; x_wconf 65' lang='lat' dir='ltr'><strong>cipetum</strong></span> <span class='ocrx_word' id='word_1_137' title='bbox 1120 1677 1163 1729; x_wconf 77' lang='lat' dir='ltr'><strong>bes</strong></span> <span class='ocrx_word' id='word_1_138' title='bbox 1176 1674 1300 1730; x_wconf 68' lang='lat' dir='ltr'><strong>itabens:</strong></span> 
     </span>
     <span class='ocr_line' id='line_1_17' title="bbox 207 1744 1300 1813; baseline 0 -18"><span class='ocrx_word' id='word_1_139' title='bbox 207 1747 295 1812; x_wconf 84' lang='lat' dir='ltr'><strong>uerit,</strong></span> <span class='ocrx_word' id='word_1_140' title='bbox 314 1748 601 1813; x_wconf 82' lang='lat' dir='ltr'><strong>evenissesigniiicat.</strong></span> <span class='ocrx_word' id='word_1_141' title='bbox 624 1751 668 1800; x_wconf 72' lang='lat' dir='ltr'><strong>Act</strong></span> <span class='ocrx_word' id='word_1_142' title='bbox 680 1750 731 1800; x_wconf 76' lang='lat' dir='ltr'><strong>cte-</strong></span> <span class='ocrx_word' id='word_1_143' title='bbox 774 1752 802 1797; x_wconf 86' lang='lat' dir='ltr'><strong>et</strong></span> <span class='ocrx_word' id='word_1_144' title='bbox 828 1756 918 1798; x_wconf 86' lang='lat' dir='ltr'><strong>tamen</strong></span> <span class='ocrx_word' id='word_1_145' title='bbox 941 1758 1064 1809; x_wconf 84' lang='lat' dir='ltr'><strong>magnum</strong></span> <span class='ocrx_word' id='word_1_146' title='bbox 1096 1744 1214 1794; x_wconf 85' lang='lat' dir='ltr'><strong>babebat</strong></span> <span class='ocrx_word' id='word_1_147' title='bbox 1242 1755 1300 1795; x_wconf 83' lang='lat' dir='ltr'><strong>uto-</strong></span> 
     </span>
     <span class='ocr_line' id='line_1_18' title="bbox 207 1810 1300 1882; baseline -0.002 -17"><span class='ocrx_word' id='word_1_148' title='bbox 207 1817 367 1867; x_wconf 85' lang='lat' dir='ltr'><strong>clivitatem</strong></span> <span class='ocrx_word' id='word_1_149' title='bbox 383 1818 529 1868; x_wconf 82' lang='lat' dir='ltr'><strong>verbovel</strong></span> <span class='ocrx_word' id='word_1_150' title='bbox 546 1820 731 1882; x_wconf 88' lang='lat' dir='ltr'><strong>propterool-</strong></span> <span class='ocrx_word' id='word_1_151' title='bbox 774 1821 907 1878; x_wconf 87' lang='lat' dir='ltr'><strong>mentum,</strong></span> <span class='ocrx_word' id='word_1_152' title='bbox 940 1817 1010 1877; x_wconf 83' lang='lat' dir='ltr'><strong>quod</strong></span> <span class='ocrx_word' id='word_1_153' title='bbox 1039 1815 1139 1866; x_wconf 87' lang='lat' dir='ltr'><strong>babere</strong></span> <span class='ocrx_word' id='word_1_154' title='bbox 1169 1810 1300 1865; x_wconf 83' lang='lat' dir='ltr'><strong>eiusmodi</strong></span> 
     </span>
     <span class='ocr_line' id='line_1_19' title="bbox 206 1880 1299 1951; baseline -0.003 -16"><span class='ocrx_word' id='word_1_155' title='bbox 206 1884 370 1936; x_wconf 86' lang='lat' dir='ltr'><strong>locationem</strong></span> <span class='ocrx_word' id='word_1_156' title='bbox 393 1886 464 1950; x_wconf 86' lang='lat' dir='ltr'><strong>aiio,</strong></span> <span class='ocrx_word' id='word_1_157' title='bbox 493 1900 573 1951; x_wconf 87' lang='lat' dir='ltr'><strong>quam</strong></span> <span class='ocrx_word' id='word_1_158' title='bbox 603 1890 637 1938; x_wconf 81' lang='lat' dir='ltr'><strong>ali</strong></span> <span class='ocrx_word' id='word_1_159' title='bbox 662 1889 732 1937; x_wconf 85' lang='lat' dir='ltr'><strong>defi·</strong></span> <span class='ocrx_word' id='word_1_160' title='bbox 774 1886 915 1948; x_wconf 72' lang='lat' dir='ltr'><strong>fastigium</strong></span> <span class='ocrx_word' id='word_1_161' title='bbox 948 1883 1073 1946; x_wconf 81' lang='lat' dir='ltr'><strong>quamvis</strong></span> <span class='ocrx_word' id='word_1_162' title='bbox 1108 1880 1237 1945; x_wconf 84' lang='lat' dir='ltr'><strong>exiguum</strong></span> <span class='ocrx_word' id='word_1_163' title='bbox 1270 1882 1299 1932; x_wconf 89' lang='lat' dir='ltr'><strong>in</strong></span> 
     </span>
     <span class='ocr_line' id='line_1_20' title="bbox 207 1947 1298 2024; baseline -0.004 -21"><span class='ocrx_word' id='word_1_164' title='bbox 207 1953 335 2004; x_wconf 86' lang='lat' dir='ltr'><strong>niendum</strong></span> <span class='ocrx_word' id='word_1_165' title='bbox 352 1956 489 2024; x_wconf 70' lang='lat' dir='ltr'><strong>enipeum</strong></span> <span class='ocrx_word' id='word_1_166' title='bbox 506 1958 562 2008; x_wconf 92' lang='lat' dir='ltr'><strong>loci</strong></span> <span class='ocrx_word' id='word_1_167' title='bbox 579 1956 731 2024; x_wconf 69' lang='lat' dir='ltr'><strong>fustiviam</strong></span> <span class='ocrx_word' id='word_1_168' title='bbox 774 1953 973 2018; x_wconf 76' lang='lat' dir='ltr'><strong>oppugnatione</strong></span> <span class='ocrx_word' id='word_1_169' title='bbox 991 1953 1026 2003; x_wconf 79' lang='lat' dir='ltr'><strong>ali</strong></span> <span class='ocrx_word' id='word_1_170' title='bbox 1043 1952 1170 2014; x_wconf 86' lang='lat' dir='ltr'><strong>impetum</strong></span> <span class='ocrx_word' id='word_1_171' title='bbox 1189 1947 1298 2002; x_wconf 86' lang='lat' dir='ltr'><strong>facien-</strong></span> 
     </span>
     <span class='ocr_line' id='line_1_21' title="bbox 206 2019 1299 2089; baseline -0.002 -17"><span class='ocrx_word' id='word_1_172' title='bbox 206 2024 308 2074; x_wconf 86' lang='lat' dir='ltr'><strong>referri</strong></span> <span class='ocrx_word' id='word_1_173' title='bbox 326 2038 378 2077; x_wconf 91' lang='lat' dir='ltr'><strong>nou</strong></span> <span class='ocrx_word' id='word_1_174' title='bbox 394 2036 507 2087; x_wconf 79' lang='lat' dir='ltr'><strong>possunt</strong></span> <span class='ocrx_word' id='word_1_175' title='bbox 524 2036 552 2076; x_wconf 90' lang='lat' dir='ltr'><strong>et</strong></span> <span class='ocrx_word' id='word_1_176' title='bbox 569 2039 731 2089; x_wconf 77' lang='lat' dir='ltr'><strong>comparan-</strong></span> <span class='ocrx_word' id='word_1_177' title='bbox 774 2030 837 2075; x_wconf 84' lang='lat' dir='ltr'><strong>uum</strong></span> <span class='ocrx_word' id='word_1_178' title='bbox 853 2026 881 2073; x_wconf 91' lang='lat' dir='ltr'><strong>et</strong></span> <span class='ocrx_word' id='word_1_179' title='bbox 898 2022 1092 2072; x_wconf 77' lang='lat' dir='ltr'><strong>defendentium</strong></span> <span class='ocrx_word' id='word_1_180' title='bbox 1109 2022 1190 2070; x_wconf 92' lang='lat' dir='ltr'><strong>solet.</strong></span> <span class='ocrx_word' id='word_1_181' title='bbox 1222 2019 1299 2071; x_wconf 76' lang='lat' dir='ltr'><strong>liui-</strong></span> 
     </span>
     <span class='ocr_line' id='line_1_22' title="bbox 208 2087 1299 2162; baseline -0.002 -21"><span class='ocrx_word' id='word_1_182' title='bbox 208 2093 244 2143; x_wconf 81' lang='lat' dir='ltr'><strong>de</strong></span> <span class='ocrx_word' id='word_1_183' title='bbox 270 2097 333 2142; x_wconf 90' lang='lat' dir='ltr'><strong>sunt</strong></span> <span class='ocrx_word' id='word_1_184' title='bbox 357 2106 418 2145; x_wconf 83' lang='lat' dir='ltr'><strong>cuno</strong></span> <span class='ocrx_word' id='word_1_185' title='bbox 441 2095 515 2161; x_wconf 88' lang='lat' dir='ltr'><strong>illis,</strong></span> <span class='ocrx_word' id='word_1_186' title='bbox 545 2109 615 2159; x_wconf 82' lang='lat' dir='ltr'><strong>quae</strong></span> <span class='ocrx_word' id='word_1_187' title='bbox 640 2099 672 2162; x_wconf 86' lang='lat'><strong>2,</strong></span> <span class='ocrx_word' id='word_1_188' title='bbox 696 2099 732 2147; x_wconf 81' lang='grc'><strong>26</strong></span> <span class='ocrx_word' id='word_1_189' title='bbox 773 2106 862 2160; x_wconf 68' lang='lat' dir='ltr'><strong>vuum</strong></span> <span class='ocrx_word' id='word_1_190' title='bbox 880 2094 1054 2157; x_wconf 79' lang='lat' dir='ltr'><strong>etmapnvm</strong></span> <span class='ocrx_word' id='word_1_191' title='bbox 1070 2091 1143 2141; x_wconf 87' lang='lat' dir='ltr'><strong>inter</strong></span> <span class='ocrx_word' id='word_1_192' title='bbox 1157 2087 1299 2152; x_wconf 87' lang='lat' dir='ltr'><strong>seopponi</strong></span> 
     </span>
     <span class='ocr_line' id='line_1_23' title="bbox 206 2160 1298 2224; baseline -0.003 -12"><span class='ocrx_word' id='word_1_193' title='bbox 206 2160 234 2222; x_wconf 75' lang='lat' dir='ltr'><strong>S·</strong></span> <span class='ocrx_word' id='word_1_194' title='bbox 258 2161 274 2211; x_wconf 85' lang='lat'><strong>5</strong></span> <span class='ocrx_word' id='word_1_195' title='bbox 303 2162 388 2220; x_wconf 82' lang='lat' dir='ltr'><strong>(nibil</strong></span> <span class='ocrx_word' id='word_1_196' title='bbox 414 2165 453 2215; x_wconf 79' lang='lat' dir='ltr'><strong>uel</strong></span> <span class='ocrx_word' id='word_1_197' title='bbox 475 2166 657 2218; x_wconf 80' lang='lat' dir='ltr'><strong>celeritatem</strong></span> <span class='ocrx_word' id='word_1_198' title='bbox 679 2166 732 2216; x_wconf 86' lang='lat' dir='ltr'><strong>sibi</strong></span> <span class='ocrx_word' id='word_1_199' title='bbox 774 2163 856 2212; x_wconf 87' lang='lat' dir='ltr'><strong>etiam</strong></span> <span class='ocrx_word' id='word_1_200' title='bbox 876 2161 991 2210; x_wconf 83' lang='lat' dir='ltr'><strong>Heluius</strong></span> <span class='ocrx_word' id='word_1_201' title='bbox 1017 2160 1131 2224; x_wconf 83' lang='lat' dir='ltr'><strong>statuit,</strong></span> <span class='ocrx_word' id='word_1_202' title='bbox 1158 2166 1186 2207; x_wconf 91' lang='lat' dir='ltr'><strong>et</strong></span> <span class='ocrx_word' id='word_1_203' title='bbox 1209 2168 1298 2209; x_wconf 88' lang='lat' dir='ltr'><strong>tamen</strong></span> 
     </span>
     <span class='ocr_line' id='line_1_24' title="bbox 206 2227 1298 2299; baseline -0.003 -19"><span class='ocrx_word' id='word_1_204' title='bbox 206 2230 314 2294; x_wconf 78' lang='lat' dir='ltr'><strong>reliqui</strong></span> <span class='ocrx_word' id='word_1_205' title='bbox 333 2234 484 2299; x_wconf 74' lang='lat' dir='ltr'><strong>feceruut)</strong></span> <span class='ocrx_word' id='word_1_206' title='bbox 512 2238 539 2284; x_wconf 93' lang='lat' dir='ltr'><strong>et</strong></span> <span class='ocrx_word' id='word_1_207' title='bbox 558 2235 619 2285; x_wconf 80' lang='lat' dir='ltr'><strong>Ciu.</strong></span> <span class='ocrx_word' id='word_1_208' title='bbox 644 2236 675 2299; x_wconf 90' lang='lat'><strong>1,</strong></span> <span class='ocrx_word' id='word_1_209' title='bbox 695 2235 730 2287; x_wconf 83' lang='lat'><strong>85</strong></span> <span class='ocrx_word' id='word_1_210' title='bbox 774 2244 834 2282; x_wconf 88' lang='lat' dir='ltr'><strong>uum</strong></span> <span class='ocrx_word' id='word_1_211' title='bbox 859 2229 1049 2281; x_wconf 84' lang='lat' dir='ltr'><strong>liaumstarkio</strong></span> <span class='ocrx_word' id='word_1_212' title='bbox 1073 2241 1126 2280; x_wconf 91' lang='lat' dir='ltr'><strong>non</strong></span> <span class='ocrx_word' id='word_1_213' title='bbox 1151 2227 1298 2277; x_wconf 80' lang='lat' dir='ltr'><strong>declivita-</strong></span> 
     </span>
     <span class='ocr_line' id='line_1_25' title="bbox 205 2297 1296 2369; baseline -0.001 -21"><span class='ocrx_word' id='word_1_214' title='bbox 205 2299 258 2361; x_wconf 76' lang='lat' dir='ltr'><strong>S·²</strong></span> <span class='ocrx_word' id='word_1_215' title='bbox 272 2302 322 2359; x_wconf 85' lang='lat' dir='ltr'><strong>(ut</strong></span> <span class='ocrx_word' id='word_1_216' title='bbox 332 2315 417 2366; x_wconf 81' lang='lat' dir='ltr'><strong>quom</strong></span> <span class='ocrx_word' id='word_1_217' title='bbox 430 2304 622 2369; x_wconf 76' lang='lat' dir='ltr'><strong>inteperrimc</strong></span> <span class='ocrx_word' id='word_1_218' title='bbox 635 2305 731 2355; x_wconf 81' lang='lat' dir='ltr'><strong>esseut</strong></span> <span class='ocrx_word' id='word_1_219' title='bbox 773 2305 829 2351; x_wconf 88' lang='lat' dir='ltr'><strong>tem</strong></span> <span class='ocrx_word' id='word_1_220' title='bbox 843 2300 970 2364; x_wconf 83' lang='lat' dir='ltr'><strong>quumvis</strong></span> <span class='ocrx_word' id='word_1_221' title='bbox 985 2299 1129 2362; x_wconf 81' lang='lat' dir='ltr'><strong>exiguom,</strong></span> <span class='ocrx_word' id='word_1_222' title='bbox 1146 2297 1196 2346; x_wconf 84' lang='lat' dir='ltr'><strong>sed</strong></span> <span class='ocrx_word' id='word_1_223' title='bbox 1210 2297 1296 2359; x_wconf 82' lang='lat' dir='ltr'><strong>ipsam</strong></span> 
     </span>
     <span class='ocr_line' id='line_1_26' title="bbox 205 2367 1296 2437; baseline -0.003 -17"><span class='ocrx_word' id='word_1_224' title='bbox 205 2369 360 2433; x_wconf 75' lang='lat' dir='ltr'><strong>capacem</strong></span> <span class='ocrx_word' id='word_1_225' title='bbox 377 2374 487 2431; x_wconf 82' lang='lat' dir='ltr'><strong>omnio)</strong></span> <span class='ocrx_word' id='word_1_226' title='bbox 510 2379 538 2422; x_wconf 90' lang='lat' dir='ltr'><strong>el</strong></span> <span class='ocrx_word' id='word_1_227' title='bbox 557 2377 589 2437; x_wconf 82' lang='lat'><strong>³,</strong></span> <span class='ocrx_word' id='word_1_228' title='bbox 607 2374 641 2425; x_wconf 81' lang='lat'><strong>85</strong></span> <span class='ocrx_word' id='word_1_229' title='bbox 667 2371 692 2432; x_wconf 76' lang='lat' dir='ltr'><strong>S.</strong></span> <span class='ocrx_word' id='word_1_230' title='bbox 712 2376 729 2421; x_wconf 84' lang='lat'><strong>2</strong></span> <span class='ocrx_word' id='word_1_231' title='bbox 773 2369 834 2418; x_wconf 93' lang='lat' dir='ltr'><strong>eius</strong></span> <span class='ocrx_word' id='word_1_232' title='bbox 854 2367 1029 2432; x_wconf 81' lang='lat' dir='ltr'><strong>exiguitatem</strong></span> <span class='ocrx_word' id='word_1_233' title='bbox 1046 2378 1143 2430; x_wconf 84' lang='lat' dir='ltr'><strong>magno</strong></span> <span class='ocrx_word' id='word_1_234' title='bbox 1163 2374 1296 2417; x_wconf 86' lang='lat' dir='ltr'><strong>momento</strong></span> 
     </span>
     <span class='ocr_line' id='line_1_27' title="bbox 204 2434 1298 2504; baseline 0.001 -18"><span class='ocrx_word' id='word_1_235' title='bbox 204 2437 367 2498; x_wconf 80' lang='lat' dir='ltr'><strong>(insolitum</strong></span> <span class='ocrx_word' id='word_1_236' title='bbox 395 2442 434 2491; x_wconf 74' lang='lat' dir='ltr'><strong>vll</strong></span> <span class='ocrx_word' id='word_1_237' title='bbox 463 2441 589 2492; x_wconf 80' lang='lat' dir='ltr'><strong>laborem</strong></span> <span class='ocrx_word' id='word_1_238' title='bbox 614 2441 730 2504; x_wconf 81' lang='lat' dir='ltr'><strong>Pompei</strong></span> <span class='ocrx_word' id='word_1_239' title='bbox 772 2438 921 2501; x_wconf 85' lang='lat' dir='ltr'><strong>praeditum</strong></span> <span class='ocrx_word' id='word_1_240' title='bbox 946 2436 1000 2486; x_wconf 84' lang='lat' dir='ltr'><strong>dici</strong></span> <span class='ocrx_word' id='word_1_241' title='bbox 1023 2440 1116 2499; x_wconf 84' lang='lat' dir='ltr'><strong>putet:</strong></span> <span class='ocrx_word' id='word_1_242' title='bbox 1154 2434 1231 2486; x_wconf 83' lang='lat' dir='ltr'><strong>Duos</strong></span> <span class='ocrx_word' id='word_1_243' title='bbox 1253 2434 1298 2487; x_wconf 79' lang='lat' dir='ltr'><strong>elie</strong></span> 
     </span>
     <span class='ocr_line' id='line_1_28' title="bbox 203 2504 1296 2575; baseline -0.004 -16"><span class='ocrx_word' id='word_1_244' title='bbox 203 2508 383 2575; x_wconf 75' lang='lat' dir='ltr'><strong>coercitum)</strong></span> <span class='ocrx_word' id='word_1_245' title='bbox 400 2510 542 2572; x_wconf 87' lang='lat' dir='ltr'><strong>leguntur,</strong></span> <span class='ocrx_word' id='word_1_246' title='bbox 559 2512 630 2574; x_wconf 79' lang='lat' dir='ltr'><strong>quod</strong></span> <span class='ocrx_word' id='word_1_247' title='bbox 642 2524 728 2572; x_wconf 87' lang='lat' dir='ltr'><strong>genus</strong></span> <span class='ocrx_word' id='word_1_248' title='bbox 770 2505 1003 2571; x_wconf 78' lang='lat' dir='ltr'><strong>Abecbriesiplceit</strong></span> <span class='ocrx_word' id='word_1_249' title='bbox 1034 2505 1083 2557; x_wconf 82' lang='lat' dir='ltr'><strong>dea</strong></span> <span class='ocrx_word' id='word_1_250' title='bbox 1106 2504 1217 2569; x_wconf 74' lang='lat' dir='ltr'><strong>filipels</strong></span> <span class='ocrx_word' id='word_1_251' title='bbox 1240 2514 1296 2555; x_wconf 84' lang='lat' dir='ltr'><strong>aur</strong></span> 
     </span>
     <span class='ocr_line' id='line_1_29' title="bbox 204 2573 1296 2643; baseline 0.001 -17"><span class='ocrx_word' id='word_1_252' title='bbox 204 2577 326 2626; x_wconf 85' lang='lat' dir='ltr'><strong>llandios</strong></span> <span class='ocrx_word' id='word_1_253' title='bbox 351 2577 429 2627; x_wconf 69' lang='lat' dir='ltr'><strong>fors.</strong></span> <span class='ocrx_word' id='word_1_254' title='bbox 451 2577 483 2640; x_wconf 91' lang='lat'><strong>1,</strong></span> <span class='ocrx_word' id='word_1_255' title='bbox 511 2579 563 2627; x_wconf 80' lang='lat'><strong>106</strong></span> <span class='ocrx_word' id='word_1_256' title='bbox 585 2578 727 2642; x_wconf 87' lang='lat' dir='ltr'><strong>tractavit,</strong></span> <span class='ocrx_word' id='word_1_257' title='bbox 769 2576 874 2643; x_wconf 71' lang='lat' dir='ltr'><strong>perinp</strong></span> <span class='ocrx_word' id='word_1_258' title='bbox 900 2587 985 2638; x_wconf 82' lang='lat' dir='ltr'><strong>war,</strong></span> <span class='ocrx_word' id='word_1_259' title='bbox 1020 2575 1075 2626; x_wconf 74' lang='lat' dir='ltr'><strong>dou</strong></span> <span class='ocrx_word' id='word_1_260' title='bbox 1106 2573 1190 2625; x_wconf 88' lang='lat' dir='ltr'><strong>batte</strong></span> <span class='ocrx_word' id='word_1_261' title='bbox 1214 2575 1296 2627; x_wconf 79' lang='lat' dir='ltr'><strong>eines</strong></span> 
     </span>
     <span class='ocr_line' id='line_1_30' title="bbox 202 2643 1294 2712; baseline -0.002 -17"><span class='ocrx_word' id='word_1_262' title='bbox 202 2645 292 2695; x_wconf 85' lang='lat' dir='ltr'><strong>falsus</strong></span> <span class='ocrx_word' id='word_1_263' title='bbox 305 2645 356 2692; x_wconf 88' lang='lat' dir='ltr'><strong>ille</strong></span> <span class='ocrx_word' id='word_1_264' title='bbox 374 2646 402 2694; x_wconf 90' lang='lat' dir='ltr'><strong>io</strong></span> <span class='ocrx_word' id='word_1_265' title='bbox 420 2644 478 2709; x_wconf 84' lang='lat' dir='ltr'><strong>nis,</strong></span> <span class='ocrx_word' id='word_1_266' title='bbox 497 2658 567 2710; x_wconf 83' lang='lat' dir='ltr'><strong>quae</strong></span> <span class='ocrx_word' id='word_1_267' title='bbox 585 2647 620 2697; x_wconf 92' lang='lat' dir='ltr'><strong>ib.</strong></span> <span class='ocrx_word' id='word_1_268' title='bbox 638 2662 663 2710; x_wconf 87' lang='lat' dir='ltr'><strong>p.</strong></span> <span class='ocrx_word' id='word_1_269' title='bbox 676 2650 727 2697; x_wconf 81' lang='lat' dir='ltr'><strong>liii</strong></span> <span class='ocrx_word' id='word_1_270' title='bbox 769 2644 1029 2712; x_wconf 75' lang='lat' dir='ltr'><strong>prosseubiiattoss</strong></span> <span class='ocrx_word' id='word_1_271' title='bbox 1042 2643 1294 2709; x_wconf 72' lang='lat' dir='ltr'><strong>uufdeuKumpf,</strong></span> 
     </span>
     <span class='ocr_line' id='line_1_31' title="bbox 202 2711 1295 2778; baseline 0.001 -16"><span class='ocrx_word' id='word_1_272' title='bbox 202 2711 286 2764; x_wconf 80' lang='lat' dir='ltr'><strong>labet</strong></span> <span class='ocrx_word' id='word_1_273' title='bbox 311 2725 372 2763; x_wconf 89' lang='lat' dir='ltr'><strong>cum</strong></span> <span class='ocrx_word' id='word_1_274' title='bbox 400 2715 511 2764; x_wconf 79' lang='lat' dir='ltr'><strong>oeteris&#39;</strong></span> <span class='ocrx_word' id='word_1_275' title='bbox 532 2715 726 2778; x_wconf 77' lang='lat' dir='ltr'><strong>interpretibus</strong></span> <span class='ocrx_word' id='word_1_276' title='bbox 769 2715 865 2765; x_wconf 77' lang='lat' dir='ltr'><strong>iudam</strong></span> <span class='ocrx_word' id='word_1_277' title='bbox 879 2716 921 2765; x_wconf 87' lang='lat' dir='ltr'><strong>sie</strong></span> <span class='ocrx_word' id='word_1_278' title='bbox 939 2716 996 2764; x_wconf 81' lang='lat' dir='ltr'><strong>lieo</strong></span> <span class='ocrx_word' id='word_1_279' title='bbox 1008 2713 1138 2764; x_wconf 80' lang='lat' dir='ltr'><strong>Gallieru</strong></span> <span class='ocrx_word' id='word_1_280' title='bbox 1150 2714 1203 2763; x_wconf 79' lang='lat' dir='ltr'><strong>elas</strong></span> <span class='ocrx_word' id='word_1_281' title='bbox 1217 2713 1295 2763; x_wconf 80' lang='lat' dir='ltr'><strong>ller-</strong></span> 
     </span>
     <span class='ocr_line' id='line_1_32' title="bbox 201 2782 1294 2849; baseline 0 -16"><span class='ocrx_word' id='word_1_282' title='bbox 201 2793 252 2845; x_wconf 91' lang='lat' dir='ltr'><strong>pro</strong></span> <span class='ocrx_word' id='word_1_283' title='bbox 279 2786 399 2844; x_wconf 86' lang='lat' dir='ltr'><strong>tempore</strong></span> <span class='ocrx_word' id='word_1_284' title='bbox 430 2783 558 2834; x_wconf 81' lang='lat' dir='ltr'><strong>bislvrivo</strong></span> <span class='ocrx_word' id='word_1_285' title='bbox 588 2784 727 2845; x_wconf 84' lang='lat' dir='ltr'><strong>accipiens</strong></span> <span class='ocrx_word' id='word_1_286' title='bbox 769 2784 941 2836; x_wconf 80' lang='lat' dir='ltr'><strong>colommeu</strong></span> <span class='ocrx_word' id='word_1_287' title='bbox 962 2796 1001 2834; x_wconf 85' lang='lat' dir='ltr'><strong>ou</strong></span> <span class='ocrx_word' id='word_1_288' title='bbox 1021 2784 1074 2835; x_wconf 80' lang='lat' dir='ltr'><strong>llos</strong></span> <span class='ocrx_word' id='word_1_289' title='bbox 1092 2783 1178 2836; x_wconf 78' lang='lat' dir='ltr'><strong>ilum.</strong></span> <span class='ocrx_word' id='word_1_290' title='bbox 1198 2782 1294 2849; x_wconf 74' lang='lat' dir='ltr'><strong>Luper</strong></span> 
     </span>
     <span class='ocr_line' id='line_1_33' title="bbox 109 2848 1294 2922; baseline 0.003 -23"><span class='ocrx_word' id='word_1_291' title='bbox 109 2872 112 2877; x_wconf 93' lang='lat'>·</span> <span class='ocrx_word' id='word_1_292' title='bbox 201 2850 288 2902; x_wconf 83' lang='lat' dir='ltr'><strong>uertit</strong></span> <span class='ocrx_word' id='word_1_293' title='bbox 303 2853 350 2904; x_wconf 75' lang='lat' dir='ltr'><strong>elie</strong></span> <span class='ocrx_word' id='word_1_294' title='bbox 369 2852 480 2905; x_wconf 78' lang='lat' dir='ltr'><strong>baillet·</strong></span> <span class='ocrx_word' id='word_1_295' title='bbox 493 2853 726 2922; x_wconf 73' lang='lat' dir='ltr'><strong>Abscbaissiplteit</strong></span> <span class='ocrx_word' id='word_1_296' title='bbox 769 2853 891 2905; x_wconf 85' lang='lat' dir='ltr'><strong>leicbier</strong></span> <span class='ocrx_word' id='word_1_297' title='bbox 925 2852 1053 2912; x_wconf 87' lang='lat' dir='ltr'><strong>mvcbte,</strong></span> <span class='ocrx_word' id='word_1_298' title='bbox 1087 2854 1132 2902; x_wconf 81' lang='lat' dir='ltr'><strong>cle</strong></span> <span class='ocrx_word' id='word_1_299' title='bbox 1163 2851 1226 2902; x_wconf 79' lang='lat' dir='ltr'><strong>diet</strong></span> <span class='ocrx_word' id='word_1_300' title='bbox 1252 2848 1294 2903; x_wconf 86' lang='lat' dir='ltr'><strong>bei</strong></span> 
     </span>
     <span class='ocr_line' id='line_1_34' title="bbox 199 2920 1294 2988; baseline 0.001 -17"><span class='ocrx_word' id='word_1_301' title='bbox 199 2920 320 2988; x_wconf 71' lang='lat' dir='ltr'><strong>perinpe</strong></span> <span class='ocrx_word' id='word_1_302' title='bbox 344 2923 435 2973; x_wconf 79' lang='lat' dir='ltr'><strong>libbe.</strong></span> <span class='ocrx_word' id='word_1_303' title='bbox 483 2924 615 2975; x_wconf 74' lang='lat' dir='ltr'><strong>Similiter</strong></span> <span class='ocrx_word' id='word_1_304' title='bbox 645 2935 726 2974; x_wconf 87' lang='lat' dir='ltr'><strong>erra·</strong></span> <span class='ocrx_word' id='word_1_305' title='bbox 769 2923 851 2975; x_wconf 85' lang='lat' dir='ltr'><strong>einer</strong></span> <span class='ocrx_word' id='word_1_306' title='bbox 867 2922 991 2975; x_wconf 77' lang='lat' dir='ltr'><strong>stellam</strong></span> <span class='ocrx_word' id='word_1_307' title='bbox 1008 2920 1090 2973; x_wconf 80' lang='lat' dir='ltr'><strong>libbe</strong></span> <span class='ocrx_word' id='word_1_308' title='bbox 1112 2920 1220 2972; x_wconf 71' lang='lat' dir='ltr'><strong>wirae</strong></span> <span class='ocrx_word' id='word_1_309' title='bbox 1242 2933 1294 2987; x_wconf 75' lang='lat' dir='ltr'><strong>pe·</strong></span> 
     </span>
     <span class='ocr_line' id='line_1_35' title="bbox 199 2989 1293 3061; baseline 0 -21"><span class='ocrx_word' id='word_1_310' title='bbox 199 2994 265 3040; x_wconf 90' lang='lat' dir='ltr'><strong>runt</strong></span> <span class='ocrx_word' id='word_1_311' title='bbox 288 2991 418 3042; x_wconf 76' lang='lat' dir='ltr'><strong>Sincerus</strong></span> <span class='ocrx_word' id='word_1_312' title='bbox 443 2999 471 3041; x_wconf 88' lang='lat' dir='ltr'><strong>et</strong></span> <span class='ocrx_word' id='word_1_313' title='bbox 495 2994 632 3061; x_wconf 79' lang='lat' dir='ltr'><strong>Heusius,</strong></span> <span class='ocrx_word' id='word_1_314' title='bbox 658 3006 725 3057; x_wconf 83' lang='lat' dir='ltr'><strong>quo-</strong></span> <span class='ocrx_word' id='word_1_315' title='bbox 768 3005 864 3044; x_wconf 83' lang='lat' dir='ltr'><strong>weseu</strong></span> <span class='ocrx_word' id='word_1_316' title='bbox 881 3005 961 3054; x_wconf 77' lang='lat' dir='ltr'><strong>sevo.</strong></span> <span class='ocrx_word' id='word_1_317' title='bbox 992 2993 1053 3052; x_wconf 76' lang='lat' dir='ltr'><strong>oua</strong></span> <span class='ocrx_word' id='word_1_318' title='bbox 1069 2989 1293 3052; x_wconf 84' lang='lat' dir='ltr'><strong>interpretatione</strong></span> 
     </span>
     <span class='ocr_line' id='line_1_36' title="bbox 200 3059 1293 3124; baseline 0 -14"><span class='ocrx_word' id='word_1_319' title='bbox 200 3071 260 3110; x_wconf 89' lang='lat' dir='ltr'><strong>rum</strong></span> <span class='ocrx_word' id='word_1_320' title='bbox 284 3063 355 3110; x_wconf 86' lang='lat' dir='ltr'><strong>alter</strong></span> <span class='ocrx_word' id='word_1_321' title='bbox 380 3068 442 3123; x_wconf 90' lang='lat' dir='ltr'><strong>pust</strong></span> <span class='ocrx_word' id='word_1_322' title='bbox 467 3064 507 3112; x_wconf 81' lang='lat' dir='ltr'><strong>acl</strong></span> <span class='ocrx_word' id='word_1_323' title='bbox 530 3063 726 3114; x_wconf 80' lang='lat' dir='ltr'><strong>declivitatem</strong></span> <span class='ocrx_word' id='word_1_324' title='bbox 768 3075 823 3112; x_wconf 90' lang='lat' dir='ltr'><strong>non</strong></span> <span class='ocrx_word' id='word_1_325' title='bbox 845 3063 935 3113; x_wconf 87' lang='lat' dir='ltr'><strong>solum</strong></span> <span class='ocrx_word' id='word_1_326' title='bbox 956 3073 1013 3111; x_wconf 91' lang='lat' dir='ltr'><strong>rem</strong></span> <span class='ocrx_word' id='word_1_327' title='bbox 1033 3072 1082 3124; x_wconf 92' lang='lat' dir='ltr'><strong>per</strong></span> <span class='ocrx_word' id='word_1_328' title='bbox 1101 3071 1132 3109; x_wconf 90' lang='lat' dir='ltr'><strong>se</strong></span> <span class='ocrx_word' id='word_1_329' title='bbox 1154 3059 1293 3122; x_wconf 85' lang='lat' dir='ltr'><strong>improba·</strong></span> 
     </span>
     <span class='ocr_line' id='line_1_37' title="bbox 200 3127 1293 3202; baseline 0.001 -24"><span class='ocrx_word' id='word_1_330' title='bbox 200 3128 332 3191; x_wconf 84' lang='lat' dir='ltr'><strong>suppieus</strong></span> <span class='ocrx_word' id='word_1_331' title='bbox 344 3130 487 3181; x_wconf 79' lang='lat' dir='ltr'><strong>adiectam</strong></span> <span class='ocrx_word' id='word_1_332' title='bbox 502 3133 537 3187; x_wconf 84' lang='lat' dir='ltr'><strong>bie</strong></span> <span class='ocrx_word' id='word_1_333' title='bbox 550 3132 725 3202; x_wconf 60' lang='lat' dir='ltr'><strong>gembsstbbipt</strong></span> <span class='ocrx_word' id='word_1_334' title='bbox 769 3131 850 3181; x_wconf 88' lang='lat' dir='ltr'><strong>bilem</strong></span> <span class='ocrx_word' id='word_1_335' title='bbox 868 3131 947 3195; x_wconf 89' lang='lat' dir='ltr'><strong>poni,</strong></span> <span class='ocrx_word' id='word_1_336' title='bbox 973 3131 1021 3180; x_wconf 83' lang='lat' dir='ltr'><strong>seo</strong></span> <span class='ocrx_word' id='word_1_337' title='bbox 1040 3129 1123 3180; x_wconf 87' lang='lat' dir='ltr'><strong>etiam</strong></span> <span class='ocrx_word' id='word_1_338' title='bbox 1142 3127 1293 3192; x_wconf 88' lang='lat' dir='ltr'><strong>oppositio·</strong></span> 
     </span>
     <span class='ocr_line' id='line_1_38' title="bbox 199 3195 1234 3333; baseline -0.004 -82"><span class='ocrx_word' id='word_1_339' title='bbox 199 3195 259 3252; x_wconf 79' lang='lat' dir='ltr'><strong>tibet</strong></span> <span class='ocrx_word' id='word_1_340' title='bbox 279 3200 332 3253; x_wconf 81' lang='lat' dir='ltr'><strong>beta</strong></span> <span class='ocrx_word' id='word_1_341' title='bbox 351 3198 512 3333; x_wconf 53' lang='lat' dir='ltr'><strong>abgiugipttu</strong></span> <span class='ocrx_word' id='word_1_342' title='bbox 525 3202 641 3267; x_wconf 61' lang='lat' dir='ltr'><strong>zeutem,</strong></span> <span class='ocrx_word' id='word_1_343' title='bbox 661 3214 725 3256; x_wconf 85' lang='lat' dir='ltr'><strong>toot=</strong></span> <span class='ocrx_word' id='word_1_344' title='bbox 768 3201 810 3250; x_wconf 88' lang='lat' dir='ltr'><strong>uis</strong></span> <span class='ocrx_word' id='word_1_345' title='bbox 828 3201 904 3250; x_wconf 91' lang='lat' dir='ltr'><strong>illius</strong></span> <span class='ocrx_word' id='word_1_346' title='bbox 925 3198 981 3251; x_wconf 85' lang='lat' dir='ltr'><strong>vim</strong></span> <span class='ocrx_word' id='word_1_347' title='bbox 1000 3200 1091 3262; x_wconf 78' lang='lat' dir='ltr'><strong>frangi</strong></span> <span class='ocrx_word' id='word_1_348' title='bbox 1109 3209 1234 3260; x_wconf 86' lang='lat' dir='ltr'><strong>apparet.</strong></span> 
     </span>
     <span class='ocr_line' id='line_1_39' title="bbox 200 3265 1291 3340; baseline 0.005 -18"><span class='ocrx_word' id='word_1_349' title='bbox 200 3267 248 3332; x_wconf 77' lang='lat' dir='ltr'><strong>uui</strong></span> <span class='ocrx_word' id='word_1_350' title='bbox 264 3266 309 3320; x_wconf 83' lang='lat' dir='ltr'><strong>bot</strong></span> <span class='ocrx_word' id='word_1_351' title='bbox 326 3266 368 3322; x_wconf 86' lang='lat' dir='ltr'><strong>obt</strong></span> <span class='ocrx_word' id='word_1_352' title='bbox 402 3271 506 3338; x_wconf 76' lang='lat' dir='ltr'><strong>etopus</strong></span> <span class='ocrx_word' id='word_1_353' title='bbox 523 3271 645 3337; x_wconf 78' lang='lat' dir='ltr'><strong>betlubiiip</strong></span> <span class='ocrx_word' id='word_1_354' title='bbox 663 3283 740 3340; x_wconf 58' lang='lat' dir='ltr'><strong>tuuc„</strong></span> <span class='ocrx_word' id='word_1_355' title='bbox 821 3271 846 3331; x_wconf 78' lang='lat' dir='ltr'><strong>S·</strong></span> <span class='ocrx_word' id='word_1_356' title='bbox 869 3271 885 3321; x_wconf 86' lang='lat'><strong>5</strong></span> <span class='ocrx_word' id='word_1_357' title='bbox 912 3269 968 3317; x_wconf 79' lang='lat' dir='ltr'><strong>Alii</strong></span> <span class='ocrx_word' id='word_1_358' title='bbox 993 3270 1054 3321; x_wconf 65' lang='lat' dir='ltr'><strong>iila</strong></span> <span class='ocrx_word' id='word_1_359' title='bbox 1075 3268 1236 3328; x_wconf 62' lang='lat' dir='ltr'><strong>militium]</strong></span> <span class='ocrx_word' id='word_1_360' title='bbox 1263 3265 1291 3316; x_wconf 69' lang='lat' dir='ltr'><strong>ii</strong></span> 
     </span>
     <span class='ocr_line' id='line_1_40' title="bbox 196 3336 1290 3402; baseline -0.001 -14"><span class='ocrx_word' id='word_1_361' title='bbox 196 3336 270 3388; x_wconf 81' lang='lat' dir='ltr'><strong>alter</strong></span> <span class='ocrx_word' id='word_1_362' title='bbox 282 3338 326 3387; x_wconf 86' lang='lat' dir='ltr'><strong>eiu</strong></span> <span class='ocrx_word' id='word_1_363' title='bbox 338 3338 450 3389; x_wconf 81' lang='lat' dir='ltr'><strong>kleiuer</strong></span> <span class='ocrx_word' id='word_1_364' title='bbox 465 3340 575 3402; x_wconf 71' lang='lat' dir='ltr'><strong>litiget,</strong></span> <span class='ocrx_word' id='word_1_365' title='bbox 594 3342 648 3390; x_wconf 74' lang='lat' dir='ltr'><strong>cler</strong></span> <span class='ocrx_word' id='word_1_366' title='bbox 662 3340 724 3390; x_wconf 81' lang='lat' dir='ltr'><strong>ticb</strong></span> <span class='ocrx_word' id='word_1_367' title='bbox 768 3341 871 3390; x_wconf 80' lang='lat' dir='ltr'><strong>vallum</strong></span> <span class='ocrx_word' id='word_1_368' title='bbox 888 3347 1041 3389; x_wconf 87' lang='lat' dir='ltr'><strong>uestrorum</strong></span> <span class='ocrx_word' id='word_1_369' title='bbox 1058 3347 1086 3387; x_wconf 88' lang='lat' dir='ltr'><strong>et</strong></span> <span class='ocrx_word' id='word_1_370' title='bbox 1107 3338 1168 3399; x_wconf 88' lang='lat' dir='ltr'><strong>ipsa</strong></span> <span class='ocrx_word' id='word_1_371' title='bbox 1190 3337 1220 3388; x_wconf 88' lang='lat' dir='ltr'><strong>in</strong></span> <span class='ocrx_word' id='word_1_372' title='bbox 1242 3348 1290 3387; x_wconf 84' lang='lat' dir='ltr'><strong>ca·</strong></span> 
     </span>
    </p>
   </div>
   <div class='ocr_carea' id='block_1_5' title="bbox 194 3406 1318 4238">
    <p class='ocr_par' dir='ltr' id='par_1_5' title="bbox 194 3406 1318 4238">
     <span class='ocr_line' id='line_1_41' title="bbox 197 3406 1289 3474; baseline 0.002 -19"><span class='ocrx_word' id='word_1_373' title='bbox 197 3406 257 3469; x_wconf 71' lang='lat' dir='ltr'><strong>auf</strong></span> <span class='ocrx_word' id='word_1_374' title='bbox 279 3406 334 3458; x_wconf 75' lang='lat' dir='ltr'><strong>tter</strong></span> <span class='ocrx_word' id='word_1_375' title='bbox 364 3406 543 3473; x_wconf 74' lang='lat' dir='ltr'><strong>abilapipen</strong></span> <span class='ocrx_word' id='word_1_376' title='bbox 566 3409 647 3460; x_wconf 81' lang='lat' dir='ltr'><strong>Seite</strong></span> <span class='ocrx_word' id='word_1_377' title='bbox 672 3410 723 3460; x_wconf 74' lang='lat' dir='ltr'><strong>aies</strong></span> <span class='ocrx_word' id='word_1_378' title='bbox 766 3411 841 3474; x_wconf 87' lang='lat' dir='ltr'><strong>stra,</strong></span> <span class='ocrx_word' id='word_1_379' title='bbox 861 3421 948 3473; x_wconf 80' lang='lat' dir='ltr'><strong>quae,</strong></span> <span class='ocrx_word' id='word_1_380' title='bbox 969 3409 994 3456; x_wconf 87' lang='lat' dir='ltr'><strong>si</strong></span> <span class='ocrx_word' id='word_1_381' title='bbox 1011 3408 1039 3457; x_wconf 91' lang='lat' dir='ltr'><strong>in</strong></span> <span class='ocrx_word' id='word_1_382' title='bbox 1056 3418 1143 3470; x_wconf 86' lang='lat' dir='ltr'><strong>aequo</strong></span> <span class='ocrx_word' id='word_1_383' title='bbox 1160 3407 1224 3458; x_wconf 92' lang='lat' dir='ltr'><strong>loco</strong></span> <span class='ocrx_word' id='word_1_384' title='bbox 1241 3416 1289 3469; x_wconf 81' lang='lat' dir='ltr'><strong>pa-</strong></span> 
     </span>
     <span class='ocr_line' id='line_1_42' title="bbox 198 3474 1289 3542; baseline 0.002 -15"><span class='ocrx_word' id='word_1_385' title='bbox 198 3474 309 3539; x_wconf 73' lang='lat' dir='ltr'><strong>Berpes</strong></span> <span class='ocrx_word' id='word_1_386' title='bbox 327 3476 430 3542; x_wconf 84' lang='lat' dir='ltr'><strong>erbob,</strong></span> <span class='ocrx_word' id='word_1_387' title='bbox 457 3477 613 3540; x_wconf 80' lang='lat' dir='ltr'><strong>explicandi</strong></span> <span class='ocrx_word' id='word_1_388' title='bbox 636 3489 723 3528; x_wconf 88' lang='lat' dir='ltr'><strong>causa</strong></span> <span class='ocrx_word' id='word_1_389' title='bbox 765 3479 820 3530; x_wconf 86' lang='lat' dir='ltr'><strong>sita</strong></span> <span class='ocrx_word' id='word_1_390' title='bbox 838 3479 972 3542; x_wconf 85' lang='lat' dir='ltr'><strong>tuissent,</strong></span> <span class='ocrx_word' id='word_1_391' title='bbox 988 3476 1044 3526; x_wconf 90' lang='lat' dir='ltr'><strong>nisi</strong></span> <span class='ocrx_word' id='word_1_392' title='bbox 1061 3486 1163 3539; x_wconf 84' lang='lat' dir='ltr'><strong>aggere</strong></span> <span class='ocrx_word' id='word_1_393' title='bbox 1181 3482 1289 3529; x_wconf 74' lang='lat' dir='ltr'><strong>extitu-</strong></span> 
     </span>
     <span class='ocr_line' id='line_1_43' title="bbox 198 3544 1289 3614; baseline -0.001 -21"><span class='ocrx_word' id='word_1_394' title='bbox 198 3544 353 3605; x_wconf 78' lang='lat' dir='ltr'><strong>adscripsit</strong></span> <span class='ocrx_word' id='word_1_395' title='bbox 390 3547 495 3608; x_wconf 80' lang='lat' dir='ltr'><strong>figebat</strong></span> <span class='ocrx_word' id='word_1_396' title='bbox 519 3554 609 3598; x_wconf 84' lang='lat' dir='ltr'><strong>autem</strong></span> <span class='ocrx_word' id='word_1_397' title='bbox 633 3548 723 3614; x_wconf 72' lang='lat' dir='ltr'><strong>fasti·</strong></span> <span class='ocrx_word' id='word_1_398' title='bbox 765 3554 809 3598; x_wconf 89' lang='lat' dir='ltr'><strong>cto</strong></span> <span class='ocrx_word' id='word_1_399' title='bbox 829 3547 892 3596; x_wconf 90' lang='lat' dir='ltr'><strong>telis</strong></span> <span class='ocrx_word' id='word_1_400' title='bbox 909 3546 966 3609; x_wconf 86' lang='lat' dir='ltr'><strong>peti</strong></span> <span class='ocrx_word' id='word_1_401' title='bbox 985 3558 1040 3597; x_wconf 92' lang='lat' dir='ltr'><strong>non</strong></span> <span class='ocrx_word' id='word_1_402' title='bbox 1059 3544 1224 3611; x_wconf 84' lang='lat' dir='ltr'><strong>potuissent,</strong></span> <span class='ocrx_word' id='word_1_403' title='bbox 1240 3544 1289 3593; x_wconf 82' lang='lat' dir='ltr'><strong>lle·</strong></span> 
     </span>
     <span class='ocr_line' id='line_1_44' title="bbox 197 3612 1288 3682; baseline -0.002 -20"><span class='ocrx_word' id='word_1_404' title='bbox 197 3612 276 3679; x_wconf 74' lang='lat' dir='ltr'><strong>pium</strong></span> <span class='ocrx_word' id='word_1_405' title='bbox 293 3615 427 3682; x_wconf 75' lang='lat' dir='ltr'><strong>enipeum</strong></span> <span class='ocrx_word' id='word_1_406' title='bbox 445 3615 607 3666; x_wconf 80' lang='lat' dir='ltr'><strong>delinitione.</strong></span> <span class='ocrx_word' id='word_1_407' title='bbox 643 3617 721 3667; x_wconf 89' lang='lat' dir='ltr'><strong>illins</strong></span> <span class='ocrx_word' id='word_1_408' title='bbox 765 3615 889 3666; x_wconf 77' lang='lat' dir='ltr'><strong>olivitate</strong></span> <span class='ocrx_word' id='word_1_409' title='bbox 906 3619 996 3667; x_wconf 83' lang='lat' dir='ltr'><strong>autent</strong></span> <span class='ocrx_word' id='word_1_410' title='bbox 1012 3616 1098 3667; x_wconf 87' lang='lat' dir='ltr'><strong>tribus</strong></span> <span class='ocrx_word' id='word_1_411' title='bbox 1116 3613 1288 3675; x_wconf 82' lang='lat' dir='ltr'><strong>expertibus</strong></span> 
     </span>
     <span class='ocr_line' id='line_1_45' title="bbox 197 3680 1318 3750; baseline 0.002 -19"><span class='ocrx_word' id='word_1_412' title='bbox 197 3680 269 3732; x_wconf 88' lang='lat' dir='ltr'><strong>euim</strong></span> <span class='ocrx_word' id='word_1_413' title='bbox 294 3683 364 3750; x_wconf 90' lang='lat' dir='ltr'><strong>ioci,</strong></span> <span class='ocrx_word' id='word_1_414' title='bbox 395 3684 473 3734; x_wconf 87' lang='lat' dir='ltr'><strong>cuius</strong></span> <span class='ocrx_word' id='word_1_415' title='bbox 497 3696 584 3749; x_wconf 89' lang='lat' dir='ltr'><strong>genus</strong></span> <span class='ocrx_word' id='word_1_416' title='bbox 608 3684 652 3735; x_wconf 86' lang='lat' dir='ltr'><strong>bic</strong></span> <span class='ocrx_word' id='word_1_417' title='bbox 671 3687 720 3735; x_wconf 80' lang='lat' dir='ltr'><strong>ue·</strong></span> <span class='ocrx_word' id='word_1_418' title='bbox 764 3688 853 3737; x_wconf 88' lang='lat' dir='ltr'><strong>iocum</strong></span> <span class='ocrx_word' id='word_1_419' title='bbox 870 3686 993 3736; x_wconf 78' lang='lat' dir='ltr'><strong>hostibus</strong></span> <span class='ocrx_word' id='word_1_420' title='bbox 1016 3684 1184 3747; x_wconf 87' lang='lat' dir='ltr'><strong>superiorem</strong></span> <span class='ocrx_word' id='word_1_421' title='bbox 1206 3695 1288 3746; x_wconf 86' lang='lat' dir='ltr'><strong>pree·</strong></span> <span class='ocrx_word' id='word_1_422' title='bbox 1316 3710 1318 3715; x_wconf 95' lang='lat'>·</span> 
     </span>
     <span class='ocr_line' id='line_1_46' title="bbox 197 3747 1287 3817; baseline 0.003 -18"><span class='ocrx_word' id='word_1_423' title='bbox 197 3747 346 3817; x_wconf 89' lang='lat' dir='ltr'><strong>scribitur,</strong></span> <span class='ocrx_word' id='word_1_424' title='bbox 369 3766 450 3817; x_wconf 81' lang='lat' dir='ltr'><strong>quem</strong></span> <span class='ocrx_word' id='word_1_425' title='bbox 463 3751 552 3816; x_wconf 87' lang='lat' dir='ltr'><strong>ipsum</strong></span> <span class='ocrx_word' id='word_1_426' title='bbox 568 3753 722 3816; x_wconf 87' lang='lat' dir='ltr'><strong>respiciens</strong></span> <span class='ocrx_word' id='word_1_427' title='bbox 764 3757 844 3808; x_wconf 86' lang='lat' dir='ltr'><strong>benie</strong></span> <span class='ocrx_word' id='word_1_428' title='bbox 862 3755 924 3804; x_wconf 88' lang='lat' dir='ltr'><strong>sine</strong></span> <span class='ocrx_word' id='word_1_429' title='bbox 944 3755 1037 3805; x_wconf 86' lang='lat' dir='ltr'><strong>labore</strong></span> <span class='ocrx_word' id='word_1_430' title='bbox 1053 3753 1287 3817; x_wconf 82' lang='lat' dir='ltr'><strong>impugnabantur.</strong></span> 
     </span>
     <span class='ocr_line' id='line_1_47' title="bbox 196 3822 1288 3890; baseline 0.003 -20"><span class='ocrx_word' id='word_1_431' title='bbox 196 3827 225 3870; x_wconf 90' lang='lat' dir='ltr'><strong>et</strong></span> <span class='ocrx_word' id='word_1_432' title='bbox 251 3831 305 3870; x_wconf 91' lang='lat' dir='ltr'><strong>non</strong></span> <span class='ocrx_word' id='word_1_433' title='bbox 335 3823 368 3871; x_wconf 82' lang='lat' dir='ltr'><strong>ce</strong></span> <span class='ocrx_word' id='word_1_434' title='bbox 397 3823 494 3885; x_wconf 83' lang='lat' dir='ltr'><strong>quovis</strong></span> <span class='ocrx_word' id='word_1_435' title='bbox 523 3825 583 3874; x_wconf 92' lang='lat' dir='ltr'><strong>loco</strong></span> <span class='ocrx_word' id='word_1_436' title='bbox 606 3824 720 3890; x_wconf 78' lang='lat' dir='ltr'><strong>declivi,</strong></span> <span class='ocrx_word' id='word_1_437' title='bbox 813 3823 863 3876; x_wconf 87' lang='lat' dir='ltr'><strong>alii</strong></span> <span class='ocrx_word' id='word_1_438' title='bbox 886 3824 1022 3875; x_wconf 79' lang='lat' dir='ltr'><strong>testudine</strong></span> <span class='ocrx_word' id='word_1_439' title='bbox 1053 3824 1129 3876; x_wconf 84' lang='lat' dir='ltr'><strong>lucta</strong></span> <span class='ocrx_word' id='word_1_440' title='bbox 1158 3822 1288 3881; x_wconf 82' lang='lat' dir='ltr'><strong>subeunt]</strong></span> 
     </span>
     <span class='ocr_line' id='line_1_48' title="bbox 196 3889 1286 3961; baseline -0.001 -18"><span class='ocrx_word' id='word_1_441' title='bbox 196 3889 246 3943; x_wconf 69' lang='lat' dir='ltr'><strong>led</strong></span> <span class='ocrx_word' id='word_1_442' title='bbox 263 3891 297 3938; x_wconf 81' lang='lat' dir='ltr'><strong>ie</strong></span> <span class='ocrx_word' id='word_1_443' title='bbox 316 3890 382 3956; x_wconf 84' lang='lat' dir='ltr'><strong>tali,</strong></span> <span class='ocrx_word' id='word_1_444' title='bbox 401 3892 550 3956; x_wconf 80' lang='lat' dir='ltr'><strong>quails&#39;iile</strong></span> <span class='ocrx_word' id='word_1_445' title='bbox 568 3897 653 3961; x_wconf 90' lang='lat' dir='ltr'><strong>esset,</strong></span> <span class='ocrx_word' id='word_1_446' title='bbox 671 3906 719 3944; x_wconf 92' lang='lat' dir='ltr'><strong>co·</strong></span> <span class='ocrx_word' id='word_1_447' title='bbox 763 3900 860 3957; x_wconf 81' lang='lat' dir='ltr'><strong>quarta</strong></span> <span class='ocrx_word' id='word_1_448' title='bbox 887 3906 921 3943; x_wconf 83' lang='lat' dir='ltr'><strong>ex</strong></span> <span class='ocrx_word' id='word_1_449' title='bbox 942 3903 1020 3956; x_wconf 86' lang='lat' dir='ltr'><strong>parte</strong></span> <span class='ocrx_word' id='word_1_450' title='bbox 1037 3903 1124 3956; x_wconf 82' lang='lat' dir='ltr'><strong>eaque</strong></span> <span class='ocrx_word' id='word_1_451' title='bbox 1141 3889 1286 3954; x_wconf 72' lang='lat' dir='ltr'><strong>inferioret</strong></span> 
     </span>
     <span class='ocr_line' id='line_1_49' title="bbox 195 3956 1285 4029; baseline 0.004 -22"><span class='ocrx_word' id='word_1_452' title='bbox 195 3956 287 4022; x_wconf 56' lang='lat' dir='ltr'><strong>atauo</strong></span> <span class='ocrx_word' id='word_1_453' title='bbox 314 3958 432 4022; x_wconf 82' lang='lat' dir='ltr'><strong>scriptor</strong></span> <span class='ocrx_word' id='word_1_454' title='bbox 460 3973 508 4023; x_wconf 86' lang='lat' dir='ltr'><strong>pro</strong></span> <span class='ocrx_word' id='word_1_455' title='bbox 533 3962 641 4029; x_wconf 78' lang='lat' dir='ltr'><strong>ecipva</strong></span> <span class='ocrx_word' id='word_1_456' title='bbox 663 3964 720 4014; x_wconf 89' lang='lat' dir='ltr'><strong>lvci</strong></span> <span class='ocrx_word' id='word_1_457' title='bbox 763 3966 835 4027; x_wconf 80' lang='lat' dir='ltr'><strong>quod</strong></span> <span class='ocrx_word' id='word_1_458' title='bbox 857 3976 918 4014; x_wconf 90' lang='lat' dir='ltr'><strong>cum</strong></span> <span class='ocrx_word' id='word_1_459' title='bbox 936 3975 994 4026; x_wconf 60' lang='lat' dir='ltr'><strong>1per</strong></span> <span class='ocrx_word' id='word_1_460' title='bbox 1020 3976 1051 4012; x_wconf 89' lang='lat' dir='ltr'><strong>se</strong></span> <span class='ocrx_word' id='word_1_461' title='bbox 1069 3962 1210 4024; x_wconf 80' lang='lat' dir='ltr'><strong>probabile</strong></span> <span class='ocrx_word' id='word_1_462' title='bbox 1233 3962 1285 4025; x_wconf 83' lang='lat' dir='ltr'><strong>esf,</strong></span> 
     </span>
     <span class='ocr_line' id='line_1_50' title="bbox 195 4027 1285 4100; baseline 0.003 -22"><span class='ocrx_word' id='word_1_463' title='bbox 195 4027 364 4094; x_wconf 74' lang='lat' dir='ltr'><strong>declivitas,</strong></span> <span class='ocrx_word' id='word_1_464' title='bbox 391 4032 461 4092; x_wconf 75' lang='lat' dir='ltr'><strong>quoii</strong></span> <span class='ocrx_word' id='word_1_465' title='bbox 480 4039 542 4081; x_wconf 89' lang='lat' dir='ltr'><strong>erat</strong></span> <span class='ocrx_word' id='word_1_466' title='bbox 559 4033 719 4100; x_wconf 82' lang='lat' dir='ltr'><strong>simplicius,</strong></span> <span class='ocrx_word' id='word_1_467' title='bbox 762 4039 818 4085; x_wconf 89' lang='lat' dir='ltr'><strong>ium</strong></span> <span class='ocrx_word' id='word_1_468' title='bbox 844 4034 929 4084; x_wconf 85' lang='lat' dir='ltr'><strong>verbo</strong></span> <span class='ocrx_word' id='word_1_469' title='bbox 960 4031 1057 4083; x_wconf 84' lang='lat' dir='ltr'><strong>subire</strong></span> <span class='ocrx_word' id='word_1_470' title='bbox 1086 4036 1115 4082; x_wconf 88' lang='lat' dir='ltr'><strong>et</strong></span> <span class='ocrx_word' id='word_1_471' title='bbox 1139 4029 1285 4083; x_wconf 81' lang='lat' dir='ltr'><strong>testudinis</strong></span> 
     </span>
     <span class='ocr_line' id='line_1_51' title="bbox 194 4096 1285 4169; baseline 0.002 -22"><span class='ocrx_word' id='word_1_472' title='bbox 194 4096 330 4162; x_wconf 71' lang='lat' dir='ltr'><strong>ecipvtua</strong></span> <span class='ocrx_word' id='word_1_473' title='bbox 364 4097 421 4150; x_wconf 87' lang='lat' dir='ltr'><strong>loci</strong></span> <span class='ocrx_word' id='word_1_474' title='bbox 453 4101 492 4151; x_wconf 79' lang='lat' dir='ltr'><strong>acl</strong></span> <span class='ocrx_word' id='word_1_475' title='bbox 523 4101 719 4154; x_wconf 76' lang='lat' dir='ltr'><strong>declivitatem</strong></span> <span class='ocrx_word' id='word_1_476' title='bbox 762 4117 814 4155; x_wconf 86' lang='lat' dir='ltr'><strong>usu</strong></span> <span class='ocrx_word' id='word_1_477' title='bbox 832 4104 885 4163; x_wconf 85' lang='lat' dir='ltr'><strong>(of.</strong></span> <span class='ocrx_word' id='word_1_478' title='bbox 903 4105 971 4169; x_wconf 82' lang='lat' dir='ltr'><strong>2,li</strong></span> <span class='ocrx_word' id='word_1_479' title='bbox 994 4101 1101 4164; x_wconf 74' lang='lat' dir='ltr'><strong>§.zet</strong></span> <span class='ocrx_word' id='word_1_480' title='bbox 1119 4100 1156 4167; x_wconf 82' lang='lat' dir='ltr'><strong>t,</strong></span> <span class='ocrx_word' id='word_1_481' title='bbox 1172 4103 1191 4152; x_wconf 74' lang='grc'>9</span> <span class='ocrx_word' id='word_1_482' title='bbox 1210 4101 1237 4162; x_wconf 76' lang='lat' dir='ltr'><strong>S.</strong></span> <span class='ocrx_word' id='word_1_483' title='bbox 1252 4100 1285 4157; x_wconf 86' lang='lat' dir='ltr'><strong>a)</strong></span> 
     </span>
     <span class='ocr_line' id='line_1_52' title="bbox 195 4166 1285 4238; baseline 0.005 -21"><span class='ocrx_word' id='word_1_484' title='bbox 195 4166 464 4235; x_wconf 68' lang='lat' dir='ltr'><strong>palummum,</strong></span> <span class='ocrx_word' id='word_1_485' title='bbox 480 4169 555 4222; x_wconf 87' lang='lat' dir='ltr'><strong>illius</strong></span> <span class='ocrx_word' id='word_1_486' title='bbox 568 4171 653 4238; x_wconf 82' lang='lat' dir='ltr'><strong>igitur</strong></span> <span class='ocrx_word' id='word_1_487' title='bbox 664 4173 719 4226; x_wconf 88' lang='lat' dir='ltr'><strong>loci</strong></span> <span class='ocrx_word' id='word_1_488' title='bbox 762 4174 905 4237; x_wconf 75' lang='lat' dir='ltr'><strong>probeturt</strong></span> <span class='ocrx_word' id='word_1_489' title='bbox 927 4182 981 4238; x_wconf 78' lang='lat' dir='ltr'><strong>qua</strong></span> <span class='ocrx_word' id='word_1_490' title='bbox 997 4182 1053 4224; x_wconf 87' lang='lat' dir='ltr'><strong>uua</strong></span> <span class='ocrx_word' id='word_1_491' title='bbox 1064 4169 1093 4223; x_wconf 87' lang='lat' dir='ltr'><strong>in</strong></span> <span class='ocrx_word' id='word_1_492' title='bbox 1107 4172 1188 4235; x_wconf 87' lang='lat' dir='ltr'><strong>parte</strong></span> <span class='ocrx_word' id='word_1_493' title='bbox 1199 4168 1285 4222; x_wconf 72' lang='lat' dir='ltr'><strong>neci·</strong></span> 
     </span>
    </p>
   </div>
   <div class='ocr_carea' id='block_1_6' title="bbox 0 0 1354 4726">
    <p class='ocr_par' dir='ltr' id='par_1_6' title="bbox 0 0 1354 4726">
     <span class='ocr_line' id='line_1_53' title="bbox 0 0 1354 4726; baseline 0 6"><span class='ocrx_word' id='word_1_494' title='bbox 0 0 1354 4726; x_wconf 95' lang='lat' dir='ltr'><strong> </strong></span> 
     </span>
    </p>
   </div>
  </div>
 </body>
</html>
