2700 4726
511 124 517 151 1

425 285 529 359 trs.
551 288 632 359 vu.
679 288 865 363 cnuto
1123 297 1191 365 ssu
1266 386 1268 393 Α

99 472 228 540 caetris
257 469 379 540 idoneo
402 472 534 543 delecto
555 476 706 564 reliquus
729 480 844 566 copias
873 479 1056 547 revocavit
1095 480 1188 567 -Verff
1209 486 1231 546 6

98 558 288 648 cingetorix
308 582 345 626 re
365 564 508 649 cognita,
531 587 573 630 ne
594 575 710 632 contra
735 588 829 633 suurn
852 571 1058 634 voluntatem
1084 565 1189 646 (limis

98 672 179 715 cure
201 658 391 733 cogeretur,
416 653 545 736 magnis
567 653 747 719 itineribus
769 656 965 723 antecessit.
1022 657 1078 724 36.
1100 653 1185 722 Ges,

97 760 160 804 sar
179 759 220 802 ex
240 756 281 803 eo
302 737 377 804 loeo
399 739 526 826 quintis
548 743 670 807 castris
689 740 888 828 Gergoviam
909 742 1063 832 pervenit
1083 763 1185 828 eque-

98 826 233 913 strique
264 844 304 889 oo
330 823 387 891 die
416 827 546 914 proelio
574 829 641 894 levi
667 829 757 895 fecto
781 839 958 918 perspecto
984 829 1080 895 urbis
1103 831 1186 911 situ,

97 935 185 1002 quae
213 911 327 999 posita
345 912 391 981 ,in
422 913 588 983 altissimo
621 923 734 984 monto
752 917 871 1000 [omnis
894 917 1007 985 editus
1027 914 1185 984 difficiles

167 1104 236 1168 cap.
250 1106 294 1153 36.
312 1102 339 1164 S.
358 1106 373 1152 1
390 1103 503 1169 quintis]
532 1106 657 1175 quiuetts
673 1105 735 1160 Ali.
753 1107 778 1157 b.
795 1106 890 1173 quiuis
911 1106 985 1160 Leto.
1004 1109 1033 1157 lt.
1052 1109 1136 1172 uong.
1152 1106 1206 1163 G..

131 1178 183 1229 nr.
201 1175 232 1224 B.
251 1173 336 1224 Vini.
354 1172 386 1225 c.
403 1174 522 1240 quantis
540 1190 599 1238 sup.
616 1189 634 1226 s
653 1190 688 1226 nr.
706 1191 730 1230 s.
749 1177 834 1227 rnotis
851 1178 959 1229 castris
974 1179 1056 1230 viui.
1074 1179 1107 1227 A.

167 1244 342 1307 equestrique
360 1255 393 1294 eo
410 1244 455 1293 die
469 1245 587 1307 proelio]
604 1247 663 1296 Hoc
680 1244 776 1298 ordine
793 1247 889 1311 „MSS
909 1244 1005 1294 rnntti“
1023 1247 1081 1296 Pet.
1100 1246 1184 1295 vose.

131 1318 168 1365 Α.
190 1312 269 1377 Egm.
294 1312 366 1363 esu.
391 1315 474 1376 Bong.
492 1316 526 1363 Α.
549 1315 614 1365 Par.
631 1309 666 1368 A.
690 1317 763 1368 Huv.
781 1316 815 1363 A.
842 1315 889 1369 Dr.
908 1318 941 1365 A.
966 1316 1046 1365 Vrnt.
1060 1314 1115 1363 Ali.
1132 1315 1184 1364 tiu.
1244 1315 1246 1320 '

106 1381 215 1434 ·Viud.
234 1383 269 1431 A.
294 1379 354 1444 (bic
379 1382 522 1447 sineque)
545 1385 616 1437 ven.
634 1385 656 1434 f.
690 1383 798 1444 Reliqui
822 1396 881 1433 curn
901 1386 1002 1433 ceteris
1018 1386 1078 1435 edd.
1097 1395 1184 1449 eque·

130 1452 249 1514 seuque
262 1448 376 1514 proelio
394 1464 428 1502 eo
447 1453 502 1518 uie,
519 1453 550 1502 ut
567 1464 592 1505 ο.
611 1450 646 1503 53
663 1451 688 1518 §.
706 1455 723 1501 2
741 1453 797 1503 leui
814 1454 897 1520 facto
915 1454 1045 1518 equestri
1061 1452 1182 1516 prestio.

130 1520 160 1588 5,
177 1520 215 1573 5⁰
231 1521 263 1582 §.-
280 1521 296 1567 1
323 1531 356 1569 eo
371 1519 419 1572 die
433 1520 569 1585 percutis
583 1520 763 1586 equestribus
778 1521 900 1586 proeliis
911 1523 949 1572 uu
963 1534 1067 1586 aquom
1080 1520 1181 1589 foetis.

130 1596 160 1656 1,
177 1589 212 1641 18
230 1590 257 1649 s.
275 1590 293 1637 6
310 1590 387 1653 quoti
402 1592 545 1656 proelium
562 1594 697 1655 equestre
713 1591 871 1641 aduersum
888 1592 988 1655 pausis
1000 1593 1070 1642 oute
1084 1590 1184 1642 dietus

127 1661 206 1713 esset
226 1660 347 1725 foetum.
372 1660 406 1725 8,
426 1659 461 1711 45
479 1661 506 1722 s.
525 1664 541 1710 1
559 1661 700 1712 Labienus
715 1659 836 1710 iuterim
851 1661 883 1711 tu
898 1661 1030 1710 Treuiris
1046 1662 1182 1726 equestre

126 1728 274 1796 proelium
290 1726 367 1792 facit
382 1730 546 1780 seeundum.
580 1731 632 1779 Ηίο
649 1730 696 1780 vel
710 1729 815 1778 numeri
833 1732 862 1781 et
876 1728 935 1778 soni
947 1730 1037 1794 gretia
1048 1730 1182 1791 dirempto

126 1796 241 1850 nomina
255 1797 304 1846 vel
323 1809 357 1848 eo
373 1798 421 1849 elie
437 1798 523 1848 verbs
541 1806 684 1861 propterea
700 1797 844 1847 interiectu
860 1800 937 1862 sunt,
963 1800 1031 1861 quod
1051 1797 1181 1861 temporis

128 1866 253 1918 definitio
275 1868 460 1919 tantummodo
483 1868 518 1917 ed
541 1868 671 1929 proelium
688 1867 792 1916 iactum
809 1877 898 1931 neque
913 1867 995 1918 simut
1012 1868 1048 1918 ad
1063 1880 1180 1931 perspe-

127 1941 204 1988 ctum
220 1935 297 1985 urbis
316 1934 397 1988 situm
414 1937 557 1987 referenda
574 1939 626 1986 est.

163 2005 263 2064 omnis]
295 2004 340 2053 lte
356 2008 425 2057 oud.
445 2006 592 2055 seeundum
614 2004 664 2054 Ox.
685 2005 763 2067 ligur.
782 2003 865 2054 Voss.
883 2003 914 2061 Β,
932 2001 1031 2066 quibus
1048 2004 1183 2053 accedunt
1247 2038 1251 2050 ,

125 2075 187 2126 ru.
214 2075 279 2126 Por.
298 2076 331 2123 Δ.
358 2077 438 2127 Vret.
456 2075 512 2123 AB.
537 2082 567 2122 et
588 2074 711 2123 fortasse
737 2073 821 2135 Bong·
840 2075 874 2122 Α.
899 2084 934 2119 ex
956 2085 1008 2134 quo
1026 2073 1069 2121 Pl.
1096 2072 1183 2121 refert

127 2143 200 2196 orius.
220 2138 329 2192 'ceteri
346 2157 407 2195 cum
421 2144 480 2193 edd.
493 2141 633 2206 plerisque
646 2152 752 2204 omnes,
771 2142 832 2192 Atti.
846 2153 871 2194 u
884 2140 932 2195 Gr.
947 2149 972 2190 a.
982 2142 1059 2191 Turr.
1075 2139 1184 2192 neuneu

126 2215 238 2267 nubent.
272 2212 370 2264 Lectio
385 2226 441 2265 non
461 2213 568 2265 omnino
583 2212 660 2263 semu
676 2210 792 2262 videtur.

143 2371 172 2434 ς.
190 2366 207 2420 5
226 2365 387 2434 revocavit]
405 2363 501 2420 oneris
517 2358 613 2417 iosus,
659 2363 844 2431 metonymipe
873 2361 1040 2416 mentionem
1065 2362 1183 2430 faciunt,

90 2436 190 2491 itum
203 2438 276 2501 Dio;
295 2451 365 2503 quoe
384 2437 515 2496 temporis
529 2435 618 2497 signi-
660 2437 732 2487 ratio
745 2438 845 2497 aperta
853 2437 897 2485 est
905 2434 1031 2500 ablativi,
1045 2434 1091 2497 qui
1100 2433 1185 2484 etiem

90 2509 186 2560 tieatio
208 2508 314 2573 iniis,
344 2506 414 2572 quoe
430 2506 538 2557 Cacsar
555 2506 582 2567 S.
600 2502 618 2555 4
659 2517 678 2556 a
696 2505 815 2568 reliquis
830 2503 1012 2567 scriptoribus
1033 2504 1064 2552 ut
1084 2505 1111 2553 lr.
1128 2504 1148 2552 l.
1166 2513 1185 2553 a

89 2578 217 2643 scripsit,
235 2577 319 2627 inest.
661 2573 786 2626 Caesare
821 2586 883 2624 oum
911 2575 999 2624 verbo
1032 2572 1185 2622 ablativum

661 2644 793 2706 temporis
823 2642 977 2703 recipiente
1004 2642 1184 2692 construitur.

663 2714 707 2763 ct.
721 2714 785 2762 Liv.
803 2713 848 2776 38,
870 2714 903 2760 13
915 2712 941 2774 S.
956 2712 1004 2760 11:
1022 2724 1061 2762 ec
1076 2724 1108 2762 eo
1121 2713 1184 2761 loco

661 2784 700 2833 unt
712 2782 801 2832 Tabas
819 2780 919 2831 tertiis
936 2781 1045 2831 castris
1056 2791 1183 2845 perusu-

661 2853 731 2903 tum.
767 2848 844 2901 Curt.
865 2853 898 2914 3,
924 2847 989 2909 78·
1010 2848 1027 2899 5
1050 2850 1100 2906 (17
1119 2850 1185 2909 ms

145 2678 173 2740 S.
200 2681 218 2728 6
248 2676 356 2742 magnis
372 2675 519 2727 itineribus
536 2677 617 2726 ente-

91 2749 196 2809 cessit]
226 2741 257 2799 οἱ
276 2741 305 2797 tt
325 2741 453 2796 Γάλᾶται
471 2740 510 2809 τῷ
525 2761 621 2808 παρα-

90 2813 163 2884 λόγῳ
190 2810 239 2882 τῆς
264 2810 413 2882 διαβάσεως
442 2809 620 2879 ἐκπλαγέντες

90 2881 207 2953 ἔφευγον
220 2887 395 2947 Polyaenus3
413 2885 486 2945 quoti
497 2897 533 2931 ex
545 2882 618 2930 Gue-

90 2956 167 3006 ⁸³ri⁵
186 2957 281 3006 V0s¹³i⁸
299 2955 410 3003 ‘mium
426 2965 482 3002 ”⁰¹¹
498 2951 618 3004 ‘'idam'‘
659 2992 747 3055 ponte
767 2990 867 3038 intuetu
890 2987 929 3037 ud
953 2989 1054 3038 urbem
1075 2988 1187 3037 Mation

148 3055 217 3115 car·
235 3054 278 3108 ³6·
296 3055 322 3115 S·
343 3056 358 3102 1
377 3053 481 3117 quinus
500 3050 617 3109 castris]
659 3060 806 3124 pervenit,
823 3058 888 3106 inre
905 3056 1011 3106 atteris
1024 3055 1186 3107 castrisue

93 3130 155 3178 uas
173 3126 306 3192 dictione,
322 3124 496 3186 neocaesar
513 3123 618 3182 rrimus
661 3128 796 3191 oppinum
813 3125 1002 3178 castaeorum.
1033 3127 1098 3178 rao.
1113 3124 1187 3177 urst.

93 3202 122 3247 ct
153 3198 206 3246 boc
227 3207 281 3245 uno
304 3195 377 3244 loco.
396 3205 465 3242 usus
496 3192 618 3255 vitietur,
662 3199 695 3261 3,
721 3196 770 3246 15:
804 3194 944 3245 uniuerso
967 3206 1032 3245 curu
1051 3194 1187 3245 exercitu

92 3268 194 3318 Livius
211 3264 311 3313 deiruie
328 3274 413 3323 saepe
431 3265 459 3312 et
478 3260 528 3309 alii
545 3260 619 3310 sori·
661 3264 794 3316 secundis
819 3279 838 3314 a
863 3265 978 3316 Verona
1004 3264 1113 3314 castrig
1129 3264 1186 3313 Be.

91 3340 188 3399 ptores
197 3337 263 3382 suut
274 3333 328 3399 usi,
340 3332 411 3382 satis
424 3333 534 3380 constat
547 3330 619 3378 idern
661 3335 791 3386 triacum
829 3332 918 3383 venit.
970 3331 1022 3381 sin
1055 3331 1188 3382 subtilius

94 3402 251 3469 significari
289 3406 373 3463 atque
404 3400 498 3449 verbis
531 3400 621 3461 quinti
663 3405 796 3468 agerndunr
811 3404 949 3467 putemus,
967 3413 1039 3467 eum,
1060 3401 1105 3462 qui
1117 3412 1186 3450 oon-

93 3475 152 3526 diei
167 3473 270 3522 itinere
286 3472 412 3521 confecto
432 3483 481 3518 seu
499 3481 532 3518 eo
548 3472 620 3518 tem·
664 3475 739 3524 fecto
758 3471 869 3535 itinere,
887 3482 947 3519 cum
958 3468 1013 3519 iam
1026 3473 1122 3521 costra
1134 3480 1187 3532 po.

91 3556 179 3608 pore,
217 3553 270 3604 quo
300 3543 398 3602 quster
425 3542 499 3589 motn
524 3540 621 3589 castro
663 3544 754 3592 nenda
769 3544 843 3602 suot,
860 3540 953 3601 aliquo
968 3540 1105 3600 pervenit,
1122 3549 1189 3589 cum

93 3614 218 3677 quintum
241 3611 372 3672 ponente⁸
386 3611 459 3658 sunt.
492 3608 561 3658 Nem
578 3608 622 3658 ite
662 3613 722 3663 iliis
748 3609 852 3660 castris
875 3608 943 3657 illuc
962 3608 1119 3658 venientem
1137 3619 1188 3658 co-

92 3683 195 3733 Livius
214 3680 260 3745 28,
278 3682 312 3728 33
331 3677 357 3738 s.
376 3676 513 3738 tl'oiybii
533 3679 622 3728 verbe
663 3680 754 3746 gitare
774 3689 929 3741 possumne,
948 3677 997 3731 mu
1014 3680 1068 3733 btut
1086 3676 1189 3744 finitur

92 3755 140 3816 11,
152 3751 189 3801 30
196 3748 399 3817 παραγενηθεὶς
411 3740 512 3796 initio
520 3739 620 3814 Ἴβηρα
664 3754 748 3819 toque,
761 3752 793 3799 ut
801 3747 888 3797 vertit
897 3746 1097 3813 oehlerus,vei
1105 3748 1190 3797 etism

93 3810 227 3887 ποταμόν
251 3813 393 3870 δεκαταῖος
419 3817 621 3882 interpretetus
664 3821 698 3871 ab
713 3821 751 3868 iis
768 3817 828 3868 illic
848 3816 985 3880 locutum,
1010 3816 1091 3880 qussi
1110 3817 1190 3865 dics-
1213 3831 1215 3836 ·

92 3884 622 3954 est2'profectusquedecimiscustris
664 3892 711 3939 tur
740 3891 785 3942 bot
813 3884 897 3953 finite
912 3884 994 3953 boqet
1022 3884 1118 3951 brabit
1146 3884 1190 3954 tipo

79 3958 232 4027 ,peruenit
255 3957 294 4006 oti
310 3956 433 4006 Iberum.
469 3951 553 4004 Ausi
571 3967 622 4007 cu⁴
664 3957 772 4024 nestun,
790 3957 863 4005 sicut
883 3956 966 4005 tertio
978 3954 1024 4004 die
1041 3958 1191 4005 venturum

94 4031 161 4080 stru
179 4030 288 4090 tempus
306 4026 493 4087 ponendorum
511 4027 622 4075 costro-
662 4028 689 4079 is
711 4027 771 4075 dies
789 4027 933 4076 locuturus
952 4025 1053 4076 dieitur
1071 4036 1089 4074 e
1106 4023 1189 4073 cice-

95 4109 156 4148 rum
176 4096 233 4147 (1ίοί
249 4095 374 4157 potuisse
395 4095 540 4158 putemus,
568 4105 623 4159 qus
664 4097 786 4147 roueDe
805 4093 1117 4146 divin.1.25versnm
1131 4092 1191 4141 ilo-

93 4168 188 4221 msute
216 4164 346 4219 normulli
379 4164 548 4228 interpretes
579 4166 624 4217 iic
665 4165 797 4220 mericurn
818 4165 850 4218 il.
868 4167 897 4227 9,
916 4164 969 4215 363
987 4164 1028 4217 ito
1044 4161 1190 4216 renuente:

661 2919 824 2984 castrisque
837 2917 1186 2980 mutirethrumoumoe
1269 2926 1272 2933 '
