2700 4726
368 299 473 370 ΠΒ.
502 296 584 369 Vll.
639 299 764 381 cAP.
791 305 846 370 tt.
1085 305 1154 374 46⁵

68 487 179 557 ciendi
200 508 302 554 causa
321 488 481 570 venisset,
503 487 741 576 animadvertit
763 491 891 571 collem,
913 487 972 576 qui
989 487 1031 555 ab
1046 488 1154 556 hosti·

66 578 131 645 bus
158 577 356 655 tenebatur,
392 577 556 643 nudatum
586 578 801 657 bominibus„
835 579 894 665 qui
921 578 1154 663 superioribus

67 665 188 732 diebus
219 665 273 731 vix
304 686 385 752 prae
409 666 625 731 multitudine
649 668 739 734 cerni
763 672 907 751 poterat.
949 666 1195 732 Admiratus2

66 753 203 840 quaerit
229 773 270 817 ex
301 753 453 840 perfugis
485 775 644 836 oausam,
697 775 814 818 uorum
845 774 985 837 magnus
1015 752 1057 818 ad
1078 774 1152 819 eum

65 839 192 907 cotidie
230 861 391 907 numerus
424 842 623 918 confluebat.
672 777 866 910 ffionstabat
902 844 993 906 inter
1028 842 1195 922 ornnes,ss

67 926 245 1015 quodiam
265 929 339 1014 ipse
355 927 484 997 Caesar
507 950 567 1017 per
587 930 820 1014 exploratores
842 939 1053 1014 cognoverat,
1075 930 1155 997 dor-

66 1038 141 1084 sum
168 1037 245 1082 esse
271 1016 344 1102 iugi
372 1039 477 1105 prope
509 1039 670 1104 aequum,
709 1017 770 1082 sed
795 1017 882 1083 huno
906 1017 1096 1084 silvestrem
1119 1027 1155 1085 et

99 1193 183 1246 vind.
203 1194 236 1244 A.
261 1192 402 1244 memoria
421 1193 451 1243 in
471 1205 495 1245 e.
519 1195 579 1244 iter.
595 1194 627 1245 in
644 1205 696 1245 om.
714 1195 810 1246 Hamb.
828 1194 898 1245 Veu.
917 1196 938 1245 i.
957 1205 986 1244 m
1012 1194 1044 1244 tn
1059 1205 1084 1244 o.
1103 1195 1152 1245 Dr.

100 1265 131 1314 Β.
154 1265 233 1314 Vrot.
252 1263 281 1314 C.
302 1263 381 1314 Goth.
400 1263 430 1311 B.
448 1275 508 1312 cnm
527 1265 640 1326 reliquia
658 1265 718 1314 edd.
735 1266 832 1321 (etiam
851 1267 936 1325 oud.)

135 1334 258 1394 poterat]
291 1333 323 1382 ln
345 1333 394 1384 Dr.
413 1335 447 1382 A.
472 1332 544 1383 inter
567 1337 625 1385 tet
645 1346 660 1386 e
677 1333 892 1398 superscriptum
910 1333 953 1385 est
967 1345 998 1385 a.
1015 1332 1154 1398 puerant

17 1398 21 1412 ¹
98 1401 234 1454 visas.

131 1470 160 1531 S.
180 1473 198 1520 3
217 1468 341 1528 dorsum]
366 1469 504 1520 deorsum
521 1471 600 1520 Vrat.
620 1470 651 1521 G.

132 1540 207 1600 eius]
226 1541 269 1589 lia
289 1538 337 1591 Dr.
356 1542 388 1592 Α.
407 1541 456 1589 sed
475 1542 614 1589 correctus
633 1541 660 1590 iu
680 1554 704 1592 e.

132 1608 216 1676 bunc]
235 1621 285 1659 orn.
304 1606 374 1661 And.
392 1607 441 1659 0¹.
460 1608 509 1658 Cn.
527 1612 554 1661 S.
572 1609 644 1663 flav.
657 1612 691 1662 Α,
709 1608 844 1671 Vindd.
862 1610 923 1659 Ald.
944 1617 972 1658 et
989 1622 1047 1674 sqq.
1067 1624 1153 1675 usque

99 1678 134 1728 ad
151 1678 194 1729 ct.
214 1679 259 1740 qni
276 1679 424 1727 secuudum
439 1677 548 1728 Davisii
567 1678 750 1729 coniecturam
769 1680 882 1741 scripsit
899 1678 961 1728 bae.
981 1679 1074 1731 bocN.
1087 1681 1154 1732 binc

97 1749 166 1798 (iud.
185 1750 211 1796 2.
228 1746 274 1809 qui
292 1746 319 1795 iu
335 1748 360 1801 1.
379 1747 476 1795 Attium
494 1756 605 1797 secutus
622 1748 650 1797 in
667 1751 731 1798 adn.
750 1759 786 1798 au
803 1744 869 1798 binc
881 1753 976 1812 posset
988 1751 1054 1820 tegi,
1074 1751 1153 1802 dubi-

98 1816 182 1882 tavit,
202 1818 250 1865 sed
269 1814 295 1864 id
314 1827 365 1877 quo
382 1827 477 1881 sensu,
494 1828 547 1866 non
565 1818 665 1865 docuit.

131 1884 303 1944 silvestrem]
333 1886 378 1934 lta
401 1897 461 1935 curn
486 1885 624 1949 plerisque
642 1885 711 1935 and.
732 1885 782 1936 (ix.
803 1883 852 1936 Cu.
872 1887 901 1938 S.
921 1886 997 1939 [reid.
1018 1891 1052 1939 A.
1072 1887 1156 1941 Vind.

115 2038 230 2097 collem]
262 2048 341 2099 quem
358 2038 520 2086 accuratius
538 2038 588 2086 de·
685 2035 737 2097 S·²
751 2038 1081 2107 dirorum-cooduebat]
1096 2043 1159 2095 iioc'

63 2108 199 2173 seriptum
217 2106 316 2156 videas
335 2118 359 2156 c.
377 2108 413 2157 46
430 2109 456 2169 s.
476 2113 501 2158 3.
537 2108 590 2156 list
633 2116 683 2154 cur
706 2106 853 2157 interiecto
876 2108 986 2157 nomine
1005 2121 1122 2162 caueam
1138 2124 1157 2163 a

63 2178 115 2228 iiia
138 2190 206 2240 pars
231 2176 306 2239 iugi,
337 2175 366 2225 iu
392 2187 473 2237 dmm
492 2179 590 2228 castra
630 2176 767 2241 perfupis
789 2180 949 2237 separatum
972 2178 1024 2242 sit,
1055 2181 1156 2247 exiis,

63 2246 197 2300 caesaris
216 2245 388 2308 spectabant.
633 2244 801 2312 quaeant,
821 2247 835 2294 1
855 2247 881 2307 s.
902 2247 916 2294 1
937 2248 1086 2313 adscripsi,
1103 2262 1155 2311 pa-

113 2313 273 2380 tenebatur]
286 2314 437 2377 etiamtum,
450 2315 589 2365 cumcae-
632 2314 709 2365 tebit.
751 2314 794 2364 ci.
818 2315 1013 2382 praetereas,
1042 2315 1076 2366 52
1093 2317 1157 2381 §.d

62 2397 113 2438 aar
131 2399 195 2436 euru
210 2386 341 2434 nudatum
358 2385 511 2433 horninibus
525 2385 589 2434 ani·
633 2383 662 2431 et
685 2384 719 2445 6,
751 2386 785 2432 13
809 2384 836 2445 S.
857 2387 871 2433 1
890 2385 919 2433 et
938 2387 1001 2435 adn.
1020 2388 1054 2436 ad
1074 2388 1156 2438 huius

62 2455 223 2507 madvertit.
265 2452 309 2503 ci.
335 2465 360 2502 c.
380 2451 415 2503 45
432 2455 458 2516 §.
476 2456 494 2502 6
514 2454 543 2502 et
563 2455 590 2506 7.
631 2450 697 2501 iibri
715 2463 739 2501 a.
757 2449 776 2501 4
792 2454 819 2515 s.
835 2453 863 2506 2.

64 2526 189 2578 Similem
231 2523 434 2585 repugnantias
470 2522 592 2584 speciem
686 2519 747 2579 §.a
778 2521 931 2572 Constabat
953 2522 1028 2576 iuter
1046 2529 1156 2588 omnes]
1238 2528 1244 2541 ·

63 2595 200 2658 praebent
225 2591 277 2641 ilia
300 2592 362 2641 (iiv-
388 2595 422 2654 3,
453 2593 488 2641 22
513 2590 541 2650 S·
557 2589 591 2642 4:
633 2586 751 2639 Heluius
767 2592 868 2639 vertit:
893 2593 935 2643 ste
950 2594 1084 2646 mucbten
1100 2610 1157 2648 ue

63 2667 113 2717 tta
148 2673 321 2728 mopnarnm
356 2659 442 2710 initia
478 2671 591 2728 rerum,
632 2659 693 2715 (die
712 2659 866 2726 tetraptea
885 2661 1093 2734 deberldufer)
1141 2679 1158 2718 e
1215 2674 1216 2680 ’

65 2747 140 2801 qaue
152 2759 188 2769 -
201 2732 354 2781 sollicitam
371 2730 489 2780 ltaliam
506 2729 592 2779 tebe-
632 2729 861 2792 pietcbluniende
882 2731 1020 2797 Anssnpe.
1053 2735 1109 2784 Sed
1123 2736 1158 2787 de

64 2805 143 2868 dant,
157 2803 285 2862 ,celerem
299 2803 329 2852 et
346 2801 463 2866 facilem
477 2800 591 2850 cattum
632 2798 689 2847 loci
704 2800 807 2847 notura
819 2799 924 2849 caesar
936 2813 991 2850 non
1007 2804 1159 2864 quaesive-

63 2872 237 2926 temerant.
429 2877 431 2880 ’
632 2869 690 2932 rat,
708 2880 797 2928 neque
815 2858 923 2919 abesta
936 2871 1032 2920 verbis
1046 2873 1158 2925 Latinis

116 2943 242 3005 poterat]
254 2938 290 2987 ci.
304 2934 450 3000 c.485.3:
464 2938 591 2988 matres·
633 2935 763 2986 veritatis
782 2937 942 2991 testificatio
960 2940 1021 2991 eius
1040 2942 1098 3007 rei,
1127 2944 1158 3008 in

65 3011 212 3080 famniae,
246 3019 319 3072 quoe
336 3008 423 3069 paulo
440 3009 509 3056 nate
528 3007 591 3056 ito·
634 3016 689 3065 qua
725 3004 768 3055 ilii
808 3018 902 3057 omnes
938 3012 1158 3062 consentiebant.

63 3082 158 3135 amnis
170 3080 207 3131 de
220 3089 305 3128 muro
316 3089 417 3126 monus
426 3075 590 3140 tendebant,
633 3073 677 3124 ci.
695 3074 721 3139 8,
743 3077 831 3137 praei.
848 3081 874 3142 ς.
890 3074 924 3126 4:
949 3084 1065 3133 constat
1082 3081 1159 3133 enim

63 3165 134 3203 suos
151 3147 486 3209 obtestare-coeperunt.
505 3148 533 3196 et
546 3145 590 3211 59,
632 3144 713 3193 inter
736 3156 832 3195 omnes
854 3147 927 3196 nituit
953 3151 1013 3199 tom
1037 3162 1158 3214 operose

63 3224 99 3272 2:
129 3217 324 3270 Bettoooci-
339 3215 388 3280 qut
411 3218 481 3267 ante
503 3217 591 3268 eruat
632 3212 666 3281 ab
691 3213 757 3263 otiis
789 3227 850 3265 esse
871 3217 1054 3284 perfectum,
1082 3221 1159 3286 quod

62 3302 119 3356 per
141 3301 173 3340 se
196 3285 340 3351 infideles,
369 3298 470 3334 enonas
488 3297 592 3350 cupere
632 3295 691 3333 asoa
716 3282 820 3333 borum
845 3287 988 3350 elepantia
1013 3301 1158 3341 comaron-

63 3385 100 3398 -
115 3359 282 3422 coeperunt.
309 3353 407 3416 quibus
426 3355 497 3404 locis
514 3357 591 3422 item,
633 3351 782 3403 tortorum
799 3359 965 3418 superetur.
1001 3358 1098 3419 ltaque
1109 3373 1159 3410 re-

64 3432 97 3480 nt
119 3431 189 3491 boc,
222 3424 248 3474 si
272 3424 352 3474 verbi
375 3425 502 3485 primarii
518 3426 591 3476 ratio
633 3421 706 3472 otius
725 3422 847 3473 dixerise
877 3427 932 3476 atto
949 3438 1052 3478 waren
1069 3430 1159 3481 dorin

63 3498 162 3550 habita
179 3495 272 3558 esset,
291 3494 592 3556 plusquamperfectum
632 3493 858 3544 etnverstoadea
880 3496 940 3544 aad
963 3500 1091 3549 wasstea
1116 3525 1159 3551 -.

64 3566 133 3632 poni
148 3564 298 3615 debuisset.
318 3562 371 3611 sed
383 3564 592 3625 qnoniamtenr-
634 3563 725 3624 atque
742 3565 811 3611 haec
828 3565 1020 3614 consensionis
1038 3566 1163 3623 omnium,

64 3635 145 3702 poris
162 3632 310 3697 praeteriti
324 3631 501 3699 significatio,
522 3647 592 3697 quae
634 3631 664 3682 in
692 3643 725 3680 re
750 3643 822 3681 vera
846 3635 1019 3696 praedicatio
1041 3650 1097 3688 uon
1122 3639 1159 3689 ad

63 3708 95 3760 in
126 3702 401 3769 plusquamperfecto
425 3703 500 3753 inest
523 3717 592 3755 con·
634 3701 745 3764 omnia,
772 3714 842 3764 quae
860 3707 1028 3770 sequunturi,
1053 3710 1102 3758 sed
1121 3710 1158 3758 ad

64 3777 163 3828 iuncta
181 3788 242 3823 cum
260 3772 381 3824 actionis
400 3773 434 3821 ad
448 3774 533 3823 aliam
544 3787 592 3825 re·
634 3770 762 3833 proxima
778 3771 913 3836 pertinet,
932 3786 1003 3838 quae
1021 3777 1054 3828 de
1072 3780 1157 3830 dorso

64 3845 201 3898 terendae
218 3842 432 3907 significatione,
450 3854 521 3905 quae
539 3844 592 3894 im·
634 3841 693 3904 iugi
706 3841 863 3904 dictasunt,
880 3845 1158 3904 quemlocumomues

64 3914 187 3979 perfecti
205 3916 259 3978 est,
280 3912 338 3962 iliis
355 3912 426 3963 locis
443 3912 472 3962 in
490 3913 592 3962 adver·
634 3912 741 3972 pariter
759 3912 897 3976 cognitum
912 3917 1046 3968 habentes
1057 3919 1159 3970 iisdem

64 3985 110 4038 bio
127 3986 208 4046 ante,
228 3986 253 4032 ir.
268 3983 287 4034 i.
306 3982 334 4031 in
350 3983 445 4034 verbis
460 3983 594 4047 saperso-
635 3981 730 4032 verbis
748 3982 949 4047 describebant,

65 4056 145 4105 ribus
170 4053 268 4104 diebus
288 4050 368 4103 certa
391 4056 420 4104 et
443 4052 593 4115 conspicua
685 4051 798 4102 dorsum
821 4065 886 4103 esse
909 4055 971 4105 eius
994 4057 1053 4123 iugi
1070 4072 1159 4124 propo

64 4123 157 4188 inest,
183 4123 269 4173 verbo
288 4131 350 4171 eam
366 4122 468 4176 iterum
484 4121 592 4188 miungi
634 4117 763 4186 aequum]
781 4123 936 4174 Pronomeu
949 4126 986 4178 ad
999 4131 1099 4180 coliem
1109 4144 1157 4183 re·

63 4205 184 4248 necesse
200 4204 258 4244 uon
277 4191 347 4243 erat.
632 4191 725 4261 tortu
741 4191 822 4247 modo
837 4201 1091 4281 commemoratum,
1110 4201 1156 4264 qui
