<?xml version="1.0" encoding="UTF-8"?>
<!DOCTYPE html PUBLIC "-//W3C//DTD XHTML 1.0 Transitional//EN"
    "http://www.w3.org/TR/xhtml1/DTD/xhtml1-transitional.dtd">
<html xmlns="http://www.w3.org/1999/xhtml" xml:lang="en" lang="en">
 <head>
  <title>
</title>
<meta http-equiv="Content-Type" content="text/html;charset=utf-8" />
  <meta name='ocr-system' content='tesseract 3.04.00' />
  <meta name='ocr-capabilities' content='ocr_page ocr_carea ocr_par ocr_line ocrx_word'/>
</head>
<body>
  <div class='ocr_page' id='page_1' title='image "./commentariidebe00schngoog_0151.png"; bbox 0 0 2700 4726; ppageno 0'>
   <div class='ocr_carea' id='block_1_1' title="bbox 152 268 978 350">
    <p class='ocr_par' dir='ltr' id='par_1_1' title="bbox 152 268 978 350">
     <span class='ocr_line' id='line_1_1' title="bbox 152 268 978 350; baseline -0.015 -1"><span class='ocrx_word' id='word_1_1' title='bbox 152 278 219 350; x_wconf 79' lang='lat'>462</span> <span class='ocrx_word' id='word_1_2' title='bbox 412 276 485 346; x_wconf 85' lang='lat' dir='ltr'>DE</span> <span class='ocrx_word' id='word_1_3' title='bbox 511 273 695 344; x_wconf 82' lang='lat' dir='ltr'><strong>BELLO</strong></span> <span class='ocrx_word' id='word_1_4' title='bbox 726 268 978 342; x_wconf 69' lang='lat' dir='ltr'>enucleo</span> 
     </span>
    </p>
   </div>
   <div class='ocr_carea' id='block_1_2' title="bbox 44 453 1239 1167">
    <p class='ocr_par' dir='ltr' id='par_1_2' title="bbox 154 453 1233 539">
     <span class='ocr_line' id='line_1_2' title="bbox 154 453 1233 539; baseline -0.011 -6"><span class='ocrx_word' id='word_1_5' title='bbox 154 466 271 533; x_wconf 88' lang='lat' dir='ltr'>citant.</span> <span class='ocrx_word' id='word_1_6' title='bbox 312 466 368 533; x_wconf 80' lang='lat'>43.</span> <span class='ocrx_word' id='word_1_7' title='bbox 388 463 528 532; x_wconf 81' lang='lat' dir='ltr'>Interim</span> <span class='ocrx_word' id='word_1_8' title='bbox 551 462 666 529; x_wconf 88' lang='lat' dir='ltr'>nuntio</span> <span class='ocrx_word' id='word_1_9' title='bbox 689 463 806 539; x_wconf 83' lang='lat' dir='ltr'>aliato,</span> <span class='ocrx_word' id='word_1_10' title='bbox 827 481 941 527; x_wconf 88' lang='lat' dir='ltr'>omnes</span> <span class='ocrx_word' id='word_1_11' title='bbox 964 477 1080 524; x_wconf 90' lang='lat' dir='ltr'>eorum</span> <span class='ocrx_word' id='word_1_12' title='bbox 1106 453 1233 521; x_wconf 75' lang='lat' dir='ltr'><strong>milites</strong></span> 
     </span>
    </p>

    <p class='ocr_par' dir='ltr' id='par_1_3' title="bbox 44 543 1236 906">
     <span class='ocr_line' id='line_1_3' title="bbox 44 543 1234 642; baseline -0.013 -20"><span class='ocrx_word' id='word_1_13' title='bbox 44 618 49 629; x_wconf 78' lang='grc'>,</span> <span class='ocrx_word' id='word_1_14' title='bbox 154 557 188 621; x_wconf 91' lang='lat' dir='ltr'>iu</span> <span class='ocrx_word' id='word_1_15' title='bbox 213 560 381 642; x_wconf 80' lang='lat' dir='ltr'>potestate</span> <span class='ocrx_word' id='word_1_16' title='bbox 408 549 567 621; x_wconf 75' lang='lat' dir='ltr'>Caesaris</span> <span class='ocrx_word' id='word_1_17' title='bbox 592 551 717 630; x_wconf 89' lang='lat' dir='ltr'>teneri,</span> <span class='ocrx_word' id='word_1_18' title='bbox 747 555 952 615; x_wconf 90' lang='lat' dir='ltr'>concurrunt</span> <span class='ocrx_word' id='word_1_19' title='bbox 979 543 1022 611; x_wconf 92' lang='lat' dir='ltr'>ad</span> <span class='ocrx_word' id='word_1_20' title='bbox 1047 544 1234 625; x_wconf 74' lang='lat' dir='ltr'>Aristium,</span> 
     </span>
     <span class='ocr_line' id='line_1_4' title="bbox 109 634 1233 729; baseline -0.014 -16"><span class='ocrx_word' id='word_1_21' title='bbox 109 652 131 714; x_wconf 80' lang='lat'>2</span> <span class='ocrx_word' id='word_1_22' title='bbox 154 643 239 709; x_wconf 91' lang='lat' dir='ltr'>nihii</span> <span class='ocrx_word' id='word_1_23' title='bbox 261 639 394 729; x_wconf 86' lang='lat' dir='ltr'>publico</span> <span class='ocrx_word' id='word_1_24' title='bbox 415 641 541 706; x_wconf 86' lang='lat' dir='ltr'>iactum</span> <span class='ocrx_word' id='word_1_25' title='bbox 564 637 705 704; x_wconf 86' lang='lat' dir='ltr'>consilio</span> <span class='ocrx_word' id='word_1_26' title='bbox 727 635 977 714; x_wconf 81' lang='lat' dir='ltr'>demonstrant3</span> <span class='ocrx_word' id='word_1_27' title='bbox 999 634 1233 720; x_wconf 81' lang='lat' dir='ltr'>quaestionem</span> 
     </span>
     <span class='ocr_line' id='line_1_5' title="bbox 154 719 1235 821; baseline -0.011 -25"><span class='ocrx_word' id='word_1_28' title='bbox 154 728 196 796; x_wconf 89' lang='lat' dir='ltr'>dc</span> <span class='ocrx_word' id='word_1_29' title='bbox 221 728 318 796; x_wconf 89' lang='lat' dir='ltr'>honis</span> <span class='ocrx_word' id='word_1_30' title='bbox 346 727 490 816; x_wconf 74' lang='lat' dir='ltr'>direptis</span> <span class='ocrx_word' id='word_1_31' title='bbox 514 725 715 821; x_wconf 76' lang='lat' dir='ltr'>decernunt,</span> <span class='ocrx_word' id='word_1_32' title='bbox 746 724 892 791; x_wconf 83' lang='lat' dir='ltr'>Litavici</span> <span class='ocrx_word' id='word_1_33' title='bbox 912 724 1125 806; x_wconf 83' lang='lat' dir='ltr'>fratrumque</span> <span class='ocrx_word' id='word_1_34' title='bbox 1146 719 1235 785; x_wconf 84' lang='lat' dir='ltr'>bons</span> 
     </span>
     <span class='ocr_line' id='line_1_6' title="bbox 152 806 1236 906; baseline -0.013 -21"><span class='ocrx_word' id='word_1_35' title='bbox 152 819 338 906; x_wconf 88' lang='lat' dir='ltr'>publicent,</span> <span class='ocrx_word' id='word_1_36' title='bbox 359 817 490 899; x_wconf 80' lang='lat' dir='ltr'>legatos</span> <span class='ocrx_word' id='word_1_37' title='bbox 510 812 553 880; x_wconf 91' lang='lat' dir='ltr'>ad</span> <span class='ocrx_word' id='word_1_38' title='bbox 568 811 747 881; x_wconf 83' lang='lat' dir='ltr'>Caesarem</span> <span class='ocrx_word' id='word_1_39' title='bbox 768 813 824 878; x_wconf 89' lang='lat' dir='ltr'>sui</span> <span class='ocrx_word' id='word_1_40' title='bbox 845 809 1009 900; x_wconf 84' lang='lat' dir='ltr'>purgandi</span> <span class='ocrx_word' id='word_1_41' title='bbox 1026 811 1137 894; x_wconf 76' lang='lat' dir='ltr'>gratia</span> <span class='ocrx_word' id='word_1_42' title='bbox 1157 806 1236 872; x_wconf 83' lang='lat' dir='ltr'>mit-</span> 
     </span>
    </p>

    <p class='ocr_par' dir='ltr' id='par_1_4' title="bbox 111 890 1239 1076">
     <span class='ocr_line' id='line_1_7' title="bbox 111 890 1238 988; baseline -0.015 -14"><span class='ocrx_word' id='word_1_43' title='bbox 111 913 132 974; x_wconf 80' lang='lat'><strong>3</strong></span> <span class='ocrx_word' id='word_1_44' title='bbox 154 914 242 972; x_wconf 89' lang='lat' dir='ltr'>tunt.</span> <span class='ocrx_word' id='word_1_45' title='bbox 285 901 377 969; x_wconf 90' lang='lat' dir='ltr'>Haec</span> <span class='ocrx_word' id='word_1_46' title='bbox 397 903 526 968; x_wconf 83' lang='lat' dir='ltr'>iaciunt</span> <span class='ocrx_word' id='word_1_47' title='bbox 546 900 848 988; x_wconf 80' lang='lat' dir='ltr'>recuperandorum</span> <span class='ocrx_word' id='word_1_48' title='bbox 871 920 1008 966; x_wconf 91' lang='lat' dir='ltr'>suorum</span> <span class='ocrx_word' id='word_1_49' title='bbox 1030 917 1151 977; x_wconf 79' lang='lat' dir='ltr'>causa3</span> <span class='ocrx_word' id='word_1_50' title='bbox 1174 890 1238 973; x_wconf 83' lang='lat' dir='ltr'>sed</span> 
     </span>
     <span class='ocr_line' id='line_1_8' title="bbox 152 982 1239 1076; baseline -0.012 -17"><span class='ocrx_word' id='word_1_51' title='bbox 152 991 372 1059; x_wconf 87' lang='lat' dir='ltr'>contaminati</span> <span class='ocrx_word' id='word_1_52' title='bbox 400 991 548 1071; x_wconf 74' lang='lat' dir='ltr'>facinore</span> <span class='ocrx_word' id='word_1_53' title='bbox 572 997 606 1055; x_wconf 88' lang='lat' dir='ltr'>ot</span> <span class='ocrx_word' id='word_1_54' title='bbox 627 989 718 1076; x_wconf 91' lang='lat' dir='ltr'>capti</span> <span class='ocrx_word' id='word_1_55' title='bbox 741 986 926 1075; x_wconf 91' lang='lat' dir='ltr'>conpendio</span> <span class='ocrx_word' id='word_1_56' title='bbox 950 1009 990 1052; x_wconf 83' lang='lat' dir='ltr'>ex</span> <span class='ocrx_word' id='word_1_57' title='bbox 1012 983 1157 1073; x_wconf 82' lang='lat' dir='ltr'>direptis</span> <span class='ocrx_word' id='word_1_58' title='bbox 1178 982 1239 1065; x_wconf 84' lang='lat' dir='ltr'>bc·</span> 
     </span>
    </p>

    <p class='ocr_par' dir='ltr' id='par_1_5' title="bbox 150 1073 1238 1167">
     <span class='ocr_line' id='line_1_9' title="bbox 150 1073 1238 1167; baseline -0.01 -21"><span class='ocrx_word' id='word_1_59' title='bbox 150 1082 217 1162; x_wconf 85' lang='lat' dir='ltr'>nis,</span> <span class='ocrx_word' id='word_1_60' title='bbox 238 1076 329 1167; x_wconf 92' lang='lat' dir='ltr'>quod</span> <span class='ocrx_word' id='word_1_61' title='bbox 350 1099 390 1143; x_wconf 85' lang='lat' dir='ltr'>sa</span> <span class='ocrx_word' id='word_1_62' title='bbox 408 1099 465 1144; x_wconf 88' lang='lat' dir='ltr'>res</span> <span class='ocrx_word' id='word_1_63' title='bbox 487 1076 530 1143; x_wconf 96' lang='lat' dir='ltr'>ad</span> <span class='ocrx_word' id='word_1_64' title='bbox 553 1077 676 1143; x_wconf 86' lang='lat' dir='ltr'>multos</span> <span class='ocrx_word' id='word_1_65' title='bbox 697 1075 899 1166; x_wconf 82' lang='lat' dir='ltr'>pertinebat,</span> <span class='ocrx_word' id='word_1_66' title='bbox 919 1082 954 1141; x_wconf 88' lang='lat' dir='ltr'>ot</span> <span class='ocrx_word' id='word_1_67' title='bbox 974 1073 1095 1140; x_wconf 87' lang='lat' dir='ltr'>timore</span> <span class='ocrx_word' id='word_1_68' title='bbox 1109 1090 1238 1161; x_wconf 90' lang='lat' dir='ltr'>poenas</span> 
     </span>
    </p>
   </div>
   <div class='ocr_carea' id='block_1_3' title="bbox 132 1261 1274 3131">
    <p class='ocr_par' dir='ltr' id='par_1_6' title="bbox 184 1261 1239 1534">
     <span class='ocr_line' id='line_1_10' title="bbox 185 1261 1237 1332; baseline -0.003 -14"><span class='ocrx_word' id='word_1_69' title='bbox 185 1270 246 1318; x_wconf 89' lang='lat' dir='ltr'>dem</span> <span class='ocrx_word' id='word_1_70' title='bbox 270 1265 299 1318; x_wconf 91' lang='lat' dir='ltr'>id</span> <span class='ocrx_word' id='word_1_71' title='bbox 319 1265 410 1330; x_wconf 81' lang='lat' dir='ltr'>potius</span> <span class='ocrx_word' id='word_1_72' title='bbox 433 1267 670 1318; x_wconf 85' lang='lat' dir='ltr'>demonstrandum</span> <span class='ocrx_word' id='word_1_73' title='bbox 694 1275 772 1332; x_wconf 83' lang='lat' dir='ltr'>erac,</span> <span class='ocrx_word' id='word_1_74' title='bbox 801 1279 881 1330; x_wconf 80' lang='lat' dir='ltr'>qoam</span> <span class='ocrx_word' id='word_1_75' title='bbox 897 1267 932 1318; x_wconf 86' lang='lat' dir='ltr'>ad</span> <span class='ocrx_word' id='word_1_76' title='bbox 952 1279 1009 1316; x_wconf 89' lang='lat' dir='ltr'>rem</span> <span class='ocrx_word' id='word_1_77' title='bbox 1027 1261 1237 1316; x_wconf 71' lang='lat' dir='ltr'>concitarentur.</span> 
     </span>
     <span class='ocr_line' id='line_1_11' title="bbox 184 1334 1239 1401; baseline -0.006 -13"><span class='ocrx_word' id='word_1_78' title='bbox 184 1339 281 1401; x_wconf 81' lang='lat' dir='ltr'>ltaque</span> <span class='ocrx_word' id='word_1_79' title='bbox 298 1337 424 1388; x_wconf 82' lang='lat' dir='ltr'>Aldinnm</span> <span class='ocrx_word' id='word_1_80' title='bbox 441 1336 584 1387; x_wconf 86' lang='lat' dir='ltr'>lectionem</span> <span class='ocrx_word' id='word_1_81' title='bbox 599 1335 685 1401; x_wconf 87' lang='lat' dir='ltr'>tenni,</span> <span class='ocrx_word' id='word_1_82' title='bbox 703 1339 819 1387; x_wconf 84' lang='lat' dir='ltr'>aiteram</span> <span class='ocrx_word' id='word_1_83' title='bbox 838 1349 887 1398; x_wconf 87' lang='lat' dir='ltr'>psr</span> <span class='ocrx_word' id='word_1_84' title='bbox 904 1347 1023 1387; x_wconf 87' lang='lat' dir='ltr'>errorem</span> <span class='ocrx_word' id='word_1_85' title='bbox 1038 1334 1140 1383; x_wconf 85' lang='lat' dir='ltr'>omissa</span> <span class='ocrx_word' id='word_1_86' title='bbox 1155 1346 1239 1396; x_wconf 86' lang='lat' dir='ltr'>prae-</span> 
     </span>
     <span class='ocr_line' id='line_1_12' title="bbox 186 1401 1237 1471; baseline -0.003 -13"><span class='ocrx_word' id='word_1_87' title='bbox 186 1405 320 1469; x_wconf 80' lang='lat' dir='ltr'>positione</span> <span class='ocrx_word' id='word_1_88' title='bbox 339 1406 443 1456; x_wconf 84' lang='lat' dir='ltr'>iltacam</span> <span class='ocrx_word' id='word_1_89' title='bbox 460 1413 524 1468; x_wconf 84' lang='lat' dir='ltr'>poto</span> <span class='ocrx_word' id='word_1_90' title='bbox 541 1407 575 1454; x_wconf 84' lang='lat' dir='ltr'>ab</span> <span class='ocrx_word' id='word_1_91' title='bbox 592 1405 694 1471; x_wconf 84' lang='lat' dir='ltr'>atiquo,</span> <span class='ocrx_word' id='word_1_92' title='bbox 715 1405 760 1457; x_wconf 90' lang='lat' dir='ltr'>cui</span> <span class='ocrx_word' id='word_1_93' title='bbox 777 1418 862 1457; x_wconf 73' lang='lat' dir='ltr'>crena</span> <span class='ocrx_word' id='word_1_94' title='bbox 876 1405 1032 1467; x_wconf 81' lang='lat' dir='ltr'>compendio</span> <span class='ocrx_word' id='word_1_95' title='bbox 1044 1401 1176 1466; x_wconf 87' lang='lat' dir='ltr'>scriptum</span> <span class='ocrx_word' id='word_1_96' title='bbox 1191 1401 1237 1455; x_wconf 75' lang='lat' dir='ltr'>oi-</span> 
     </span>
     <span class='ocr_line' id='line_1_13' title="bbox 189 1467 1011 1534; baseline -0.004 -8"><span class='ocrx_word' id='word_1_97' title='bbox 189 1479 308 1526; x_wconf 86' lang='lat' dir='ltr'>deretur.</span> <span class='ocrx_word' id='word_1_98' title='bbox 343 1475 384 1527; x_wconf 83' lang='lat' dir='ltr'>Gi.</span> <span class='ocrx_word' id='word_1_99' title='bbox 402 1475 476 1525; x_wconf 86' lang='lat' dir='ltr'>inira</span> <span class='ocrx_word' id='word_1_100' title='bbox 496 1487 519 1524; x_wconf 85' lang='lat' dir='ltr'>c.</span> <span class='ocrx_word' id='word_1_101' title='bbox 535 1471 570 1524; x_wconf 79' lang='lat'>45</span> <span class='ocrx_word' id='word_1_102' title='bbox 588 1473 615 1534; x_wconf 78' lang='lat' dir='ltr'>S.</span> <span class='ocrx_word' id='word_1_103' title='bbox 632 1478 658 1526; x_wconf 85' lang='grc'>6,</span> <span class='ocrx_word' id='word_1_104' title='bbox 691 1467 699 1482; x_wconf 85' lang='grc'>’</span> <span class='ocrx_word' id='word_1_105' title='bbox 817 1469 859 1498; x_wconf 79' lang='grc'>“’</span> <span class='ocrx_word' id='word_1_106' title='bbox 1004 1473 1011 1486; x_wconf 78' lang='grc'><strong>”</strong></span> 
     </span>
    </p>

    <p class='ocr_par' dir='ltr' id='par_1_7' title="bbox 187 1536 1240 1666">
     <span class='ocr_line' id='line_1_14' title="bbox 187 1536 1240 1666; baseline -0.002 -73"><span class='ocrx_word' id='word_1_107' title='bbox 187 1542 287 1666; x_wconf 69' lang='lat' dir='ltr'>V(inp</span> <span class='ocrx_word' id='word_1_108' title='bbox 308 1539 353 1596; x_wconf 80' lang='lat' dir='ltr'>ta.</span> <span class='ocrx_word' id='word_1_109' title='bbox 375 1543 403 1606; x_wconf 79' lang='lat' dir='ltr'>s.</span> <span class='ocrx_word' id='word_1_110' title='bbox 428 1547 443 1594; x_wconf 92' lang='lat'>1</span> <span class='ocrx_word' id='word_1_111' title='bbox 472 1543 568 1603; x_wconf 85' lang='lat' dir='ltr'>aliato]</span> <span class='ocrx_word' id='word_1_112' title='bbox 606 1544 700 1594; x_wconf 80' lang='lat' dir='ltr'>adlato</span> <span class='ocrx_word' id='word_1_113' title='bbox 731 1546 813 1608; x_wconf 84' lang='lat' dir='ltr'>Boog.</span> <span class='ocrx_word' id='word_1_114' title='bbox 833 1545 866 1593; x_wconf 80' lang='grc' dir='ltr'>Δ.</span> <span class='ocrx_word' id='word_1_115' title='bbox 898 1543 939 1593; x_wconf 77' lang='lat' dir='ltr'>ri.</span> <span class='ocrx_word' id='word_1_116' title='bbox 966 1543 1039 1599; x_wconf 72' lang='lat' dir='ltr'>liar.</span> <span class='ocrx_word' id='word_1_117' title='bbox 1062 1542 1097 1593; x_wconf 76' lang='lat' dir='ltr'>A.</span> <span class='ocrx_word' id='word_1_118' title='bbox 1133 1536 1240 1606; x_wconf 73' lang='lat' dir='ltr'>(mima</span> 
     </span>
    </p>

    <p class='ocr_par' dir='ltr' id='par_1_8' title="bbox 215 1613 334 1672">
     <span class='ocr_line' id='line_1_15' title="bbox 215 1613 334 1672; baseline -0.025 -8"><span class='ocrx_word' id='word_1_119' title='bbox 215 1615 267 1664; x_wconf 86' lang='lat' dir='ltr'>rat.</span> <span class='ocrx_word' id='word_1_120' title='bbox 284 1613 334 1672; x_wconf 82' lang='grc' dir='ltr'>Δ.)</span> 
     </span>
    </p>

    <p class='ocr_par' dir='ltr' id='par_1_9' title="bbox 186 1666 1237 1817">
     <span class='ocr_line' id='line_1_16' title="bbox 220 1666 1237 1746; baseline -0.002 -16"><span class='ocrx_word' id='word_1_121' title='bbox 220 1666 248 1746; x_wconf 77' lang='lat'>§.</span> <span class='ocrx_word' id='word_1_122' title='bbox 272 1685 289 1730; x_wconf 82' lang='lat'>2</span> <span class='ocrx_word' id='word_1_123' title='bbox 310 1677 490 1746; x_wconf 82' lang='lat' dir='ltr'>fratrumque]</span> <span class='ocrx_word' id='word_1_124' title='bbox 523 1680 547 1745; x_wconf 62' lang='grc' dir='ltr'>ἰ.</span> <span class='ocrx_word' id='word_1_125' title='bbox 565 1680 627 1734; x_wconf 84' lang='lat' dir='ltr'>eius</span> <span class='ocrx_word' id='word_1_126' title='bbox 651 1680 730 1736; x_wconf 80' lang='lat' dir='ltr'>Leid.</span> <span class='ocrx_word' id='word_1_127' title='bbox 747 1685 781 1733; x_wconf 80' lang='lat' dir='ltr'>A.</span> <span class='ocrx_word' id='word_1_128' title='bbox 800 1680 882 1731; x_wconf 84' lang='lat' dir='ltr'>Vrat.</span> <span class='ocrx_word' id='word_1_129' title='bbox 899 1681 933 1736; x_wconf 78' lang='lat' dir='ltr'>A.</span> <span class='ocrx_word' id='word_1_130' title='bbox 960 1692 1016 1745; x_wconf 84' lang='lat' dir='ltr'>que</span> <span class='ocrx_word' id='word_1_131' title='bbox 1033 1692 1086 1732; x_wconf 87' lang='lat' dir='ltr'>om.</span> <span class='ocrx_word' id='word_1_132' title='bbox 1107 1677 1189 1730; x_wconf 81' lang='lat' dir='ltr'>vind.</span> <span class='ocrx_word' id='word_1_133' title='bbox 1208 1678 1237 1728; x_wconf 83' lang='lat' dir='ltr'>ii.</span> 
     </span>
     <span class='ocr_line' id='line_1_17' title="bbox 186 1749 991 1817; baseline 0 -17"><span class='ocrx_word' id='word_1_134' title='bbox 186 1749 640 1817; x_wconf 76' lang='lat' dir='ltr'>quarem.pr.nenet1&gt;ar.e.</span> <span class='ocrx_word' id='word_1_135' title='bbox 938 1778 942 1789; x_wconf 75' lang='lat'><em>‹</em></span> <span class='ocrx_word' id='word_1_136' title='bbox 987 1778 991 1783; x_wconf 74' lang='lat'><em>,</em></span> 
     </span>
    </p>

    <p class='ocr_par' dir='ltr' id='par_1_10' title="bbox 187 1816 1239 2159">
     <span class='ocr_line' id='line_1_18' title="bbox 221 1816 1239 1883; baseline -0.002 -16"><span class='ocrx_word' id='word_1_137' title='bbox 221 1818 248 1878; x_wconf 75' lang='lat' dir='ltr'>s.</span> <span class='ocrx_word' id='word_1_138' title='bbox 266 1821 283 1867; x_wconf 85' lang='grc'>3</span> <span class='ocrx_word' id='word_1_139' title='bbox 305 1819 564 1879; x_wconf 83' lang='lat' dir='ltr'>recuperandorum]</span> <span class='ocrx_word' id='word_1_140' title='bbox 590 1819 678 1883; x_wconf 79' lang='lat' dir='ltr'>recip.</span> <span class='ocrx_word' id='word_1_141' title='bbox 699 1818 781 1881; x_wconf 80' lang='lat' dir='ltr'>Bong.</span> <span class='ocrx_word' id='word_1_142' title='bbox 799 1816 830 1867; x_wconf 81' lang='grc' dir='ltr'>Α.</span> <span class='ocrx_word' id='word_1_143' title='bbox 852 1818 892 1868; x_wconf 86' lang='lat' dir='ltr'>Pl.</span> <span class='ocrx_word' id='word_1_144' title='bbox 914 1826 941 1868; x_wconf 85' lang='lat' dir='ltr'>et</span> <span class='ocrx_word' id='word_1_145' title='bbox 959 1818 1023 1868; x_wconf 86' lang='lat' dir='ltr'>Par.</span> <span class='ocrx_word' id='word_1_146' title='bbox 1042 1819 1096 1880; x_wconf 72' lang='grc'>3.,</span> <span class='ocrx_word' id='word_1_147' title='bbox 1124 1822 1239 1880; x_wconf 74' lang='lat' dir='ltr'>uterque</span> 
     </span>
     <span class='ocr_line' id='line_1_19' title="bbox 187 1886 1238 1950; baseline -0.002 -14"><span class='ocrx_word' id='word_1_148' title='bbox 187 1901 249 1937; x_wconf 89' lang='lat' dir='ltr'>cum</span> <span class='ocrx_word' id='word_1_149' title='bbox 266 1901 287 1937; x_wconf 81' lang='lat' dir='ltr'>n</span> <span class='ocrx_word' id='word_1_150' title='bbox 305 1900 387 1948; x_wconf 83' lang='lat' dir='ltr'>super</span> <span class='ocrx_word' id='word_1_151' title='bbox 404 1887 425 1950; x_wconf 81' lang='grc' dir='ltr'>ι’,</span> <span class='ocrx_word' id='word_1_152' title='bbox 444 1889 491 1936; x_wconf 89' lang='lat' dir='ltr'>sed</span> <span class='ocrx_word' id='word_1_153' title='bbox 509 1890 574 1941; x_wconf 85' lang='lat' dir='ltr'>Par.</span> <span class='ocrx_word' id='word_1_154' title='bbox 589 1892 624 1938; x_wconf 79' lang='lat' dir='ltr'>A.</span> <span class='ocrx_word' id='word_1_155' title='bbox 642 1903 662 1939; x_wconf 81' lang='lat' dir='ltr'>rr</span> <span class='ocrx_word' id='word_1_156' title='bbox 679 1899 696 1937; x_wconf 84' lang='lat' dir='ltr'>a</span> <span class='ocrx_word' id='word_1_157' title='bbox 712 1901 748 1939; x_wconf 93' lang='lat' dir='ltr'>m.</span> <span class='ocrx_word' id='word_1_158' title='bbox 764 1900 822 1937; x_wconf 88' lang='lat' dir='ltr'>sec.</span> <span class='ocrx_word' id='word_1_159' title='bbox 841 1887 970 1948; x_wconf 85' lang='lat' dir='ltr'>scripturn</span> <span class='ocrx_word' id='word_1_160' title='bbox 991 1888 1102 1938; x_wconf 82' lang='lat' dir='ltr'>habens·</span> <span class='ocrx_word' id='word_1_161' title='bbox 1120 1887 1163 1938; x_wconf 85' lang='lat' dir='ltr'>ci.</span> <span class='ocrx_word' id='word_1_162' title='bbox 1176 1886 1238 1935; x_wconf 88' lang='lat' dir='ltr'>adn.</span> 
     </span>
     <span class='ocr_line' id='line_1_20' title="bbox 187 1952 1239 2022; baseline -0.005 -15"><span class='ocrx_word' id='word_1_163' title='bbox 187 1970 228 2009; x_wconf 89' lang='lat' dir='ltr'>cr.</span> <span class='ocrx_word' id='word_1_164' title='bbox 249 1958 286 2008; x_wconf 87' lang='lat' dir='ltr'>ad</span> <span class='ocrx_word' id='word_1_165' title='bbox 308 1959 341 2022; x_wconf 85' lang='grc'>3,</span> <span class='ocrx_word' id='word_1_166' title='bbox 373 1955 391 2007; x_wconf 92' lang='lat'><em>8</em></span> <span class='ocrx_word' id='word_1_167' title='bbox 416 1956 443 2016; x_wconf 79' lang='lat' dir='ltr'>S.</span> <span class='ocrx_word' id='word_1_168' title='bbox 467 1961 483 2006; x_wconf 84' lang='lat'><strong>2</strong></span> <span class='ocrx_word' id='word_1_169' title='bbox 507 1960 535 2008; x_wconf 90' lang='lat' dir='ltr'>et</span> <span class='ocrx_word' id='word_1_170' title='bbox 558 1960 595 2009; x_wconf 88' lang='lat' dir='ltr'>ed</span> <span class='ocrx_word' id='word_1_171' title='bbox 611 1961 687 2008; x_wconf 86' lang='lat' dir='ltr'>iocos</span> <span class='ocrx_word' id='word_1_172' title='bbox 705 1957 744 2007; x_wconf 82' lang='lat' dir='ltr'>ini</span> <span class='ocrx_word' id='word_1_173' title='bbox 763 1957 941 2021; x_wconf 81' lang='lat' dir='ltr'>significatos.</span> <span class='ocrx_word' id='word_1_174' title='bbox 959 1952 1006 2021; x_wconf 89' lang='lat' dir='ltr'>(in</span> <span class='ocrx_word' id='word_1_175' title='bbox 1023 1958 1069 2006; x_wconf 86' lang='lat' dir='ltr'>Dr.</span> <span class='ocrx_word' id='word_1_176' title='bbox 1090 1959 1121 2008; x_wconf 86' lang='grc' dir='ltr'>Β.</span> <span class='ocrx_word' id='word_1_177' title='bbox 1138 1968 1239 2019; x_wconf 79' lang='lat' dir='ltr'>recep.</span> 
     </span>
     <span class='ocr_line' id='line_1_21' title="bbox 187 2024 1239 2093; baseline -0.001 -16"><span class='ocrx_word' id='word_1_178' title='bbox 187 2026 260 2077; x_wconf 88' lang='lat' dir='ltr'>iuter</span> <span class='ocrx_word' id='word_1_179' title='bbox 286 2037 406 2076; x_wconf 81' lang='lat' dir='ltr'>ecorum</span> <span class='ocrx_word' id='word_1_180' title='bbox 430 2029 458 2075; x_wconf 89' lang='lat' dir='ltr'>et</span> <span class='ocrx_word' id='word_1_181' title='bbox 484 2038 573 2078; x_wconf 81' lang='lat' dir='ltr'>caroso</span> <span class='ocrx_word' id='word_1_182' title='bbox 595 2028 712 2089; x_wconf 82' lang='lat' dir='ltr'>positum</span> <span class='ocrx_word' id='word_1_183' title='bbox 738 2024 782 2093; x_wconf 88' lang='lat' dir='ltr'>(in</span> <span class='ocrx_word' id='word_1_184' title='bbox 800 2028 872 2077; x_wconf 82' lang='lat' dir='ltr'>ttav.</span> <span class='ocrx_word' id='word_1_185' title='bbox 889 2029 924 2078; x_wconf 83' lang='grc' dir='ltr'>Δ.</span> <span class='ocrx_word' id='word_1_186' title='bbox 940 2037 968 2076; x_wconf 88' lang='lat' dir='ltr'>ec</span> <span class='ocrx_word' id='word_1_187' title='bbox 985 2025 1067 2078; x_wconf 81' lang='lat' dir='ltr'>vind.</span> <span class='ocrx_word' id='word_1_188' title='bbox 1085 2030 1118 2077; x_wconf 80' lang='lat' dir='ltr'>A.</span> <span class='ocrx_word' id='word_1_189' title='bbox 1141 2039 1239 2091; x_wconf 76' lang='lat' dir='ltr'>recep.</span> 
     </span>
     <span class='ocr_line' id='line_1_22' title="bbox 188 2086 887 2159; baseline -0.001 -13"><span class='ocrx_word' id='word_1_190' title='bbox 188 2108 278 2149; x_wconf 81' lang='lat' dir='ltr'>consu</span> <span class='ocrx_word' id='word_1_191' title='bbox 293 2105 414 2145; x_wconf 82' lang='lat' dir='ltr'>suorum</span> <span class='ocrx_word' id='word_1_192' title='bbox 431 2095 561 2159; x_wconf 85' lang='lat' dir='ltr'>scriptum</span> <span class='ocrx_word' id='word_1_193' title='bbox 578 2105 629 2146; x_wconf 83' lang='lat' dir='ltr'>esc.</span> <span class='ocrx_word' id='word_1_194' title='bbox 877 2086 887 2114; x_wconf 44' lang='lat' dir='ltr'>i</span> 
     </span>
    </p>

    <p class='ocr_par' dir='ltr' id='par_1_11' title="bbox 223 2161 947 2230">
     <span class='ocr_line' id='line_1_23' title="bbox 223 2161 947 2230; baseline -0.001 -15"><span class='ocrx_word' id='word_1_195' title='bbox 223 2161 388 2228; x_wconf 86' lang='lat' dir='ltr'>conpendio]</span> <span class='ocrx_word' id='word_1_196' title='bbox 405 2164 488 2228; x_wconf 81' lang='lat' dir='ltr'>Bong.</span> <span class='ocrx_word' id='word_1_197' title='bbox 508 2168 541 2216; x_wconf 78' lang='lat' dir='ltr'>A.</span> <span class='ocrx_word' id='word_1_198' title='bbox 561 2167 624 2218; x_wconf 87' lang='lat' dir='ltr'>Par.</span> <span class='ocrx_word' id='word_1_199' title='bbox 641 2166 674 2214; x_wconf 78' lang='lat' dir='ltr'>A.</span> <span class='ocrx_word' id='word_1_200' title='bbox 693 2167 770 2227; x_wconf 77' lang='lat' dir='ltr'>Egm.</span> <span class='ocrx_word' id='word_1_201' title='bbox 788 2175 840 2214; x_wconf 89' lang='lat' dir='ltr'>non</span> <span class='ocrx_word' id='word_1_202' title='bbox 857 2177 947 2230; x_wconf 78' lang='lat' dir='ltr'>comp.</span> 
     </span>
    </p>

    <p class='ocr_par' dir='ltr' id='par_1_12' title="bbox 185 2227 1245 2642">
     <span class='ocr_line' id='line_1_24' title="bbox 222 2227 1245 2296; baseline -0.002 -13"><span class='ocrx_word' id='word_1_203' title='bbox 222 2243 251 2283; x_wconf 84' lang='lat' dir='ltr'>ec</span> <span class='ocrx_word' id='word_1_204' title='bbox 267 2234 377 2294; x_wconf 82' lang='lat' dir='ltr'>timore]</span> <span class='ocrx_word' id='word_1_205' title='bbox 403 2235 471 2287; x_wconf 76' lang='lat' dir='ltr'>end.</span> <span class='ocrx_word' id='word_1_206' title='bbox 490 2237 539 2286; x_wconf 87' lang='lat' dir='ltr'>ox.</span> <span class='ocrx_word' id='word_1_207' title='bbox 567 2230 617 2287; x_wconf 91' lang='lat' dir='ltr'>Co.</span> <span class='ocrx_word' id='word_1_208' title='bbox 643 2237 672 2284; x_wconf 83' lang='lat' dir='ltr'>S.</span> <span class='ocrx_word' id='word_1_209' title='bbox 695 2233 772 2284; x_wconf 82' lang='lat' dir='ltr'>Leid.</span> <span class='ocrx_word' id='word_1_210' title='bbox 791 2237 824 2284; x_wconf 80' lang='lat' dir='ltr'>d.</span> <span class='ocrx_word' id='word_1_211' title='bbox 842 2236 913 2286; x_wconf 83' lang='lat' dir='ltr'>iiav.</span> <span class='ocrx_word' id='word_1_212' title='bbox 933 2237 965 2285; x_wconf 80' lang='lat' dir='ltr'>A.</span> <span class='ocrx_word' id='word_1_213' title='bbox 984 2233 1065 2284; x_wconf 91' lang='lat' dir='ltr'>Vind.</span> <span class='ocrx_word' id='word_1_214' title='bbox 1083 2234 1117 2284; x_wconf 78' lang='lat' dir='ltr'>A.</span> <span class='ocrx_word' id='word_1_215' title='bbox 1139 2227 1245 2296; x_wconf 75' lang='lat' dir='ltr'>(dung.</span> 
     </span>
     <span class='ocr_line' id='line_1_25' title="bbox 187 2301 1240 2367; baseline 0.001 -15"><span class='ocrx_word' id='word_1_216' title='bbox 187 2304 221 2352; x_wconf 79' lang='lat' dir='ltr'>A.</span> <span class='ocrx_word' id='word_1_217' title='bbox 240 2303 297 2361; x_wconf 87' lang='lat' dir='ltr'>Pl.)</span> <span class='ocrx_word' id='word_1_218' title='bbox 320 2305 349 2353; x_wconf 83' lang='lat' dir='ltr'>et</span> <span class='ocrx_word' id='word_1_219' title='bbox 367 2313 416 2352; x_wconf 87' lang='lat' dir='ltr'>om.</span> <span class='ocrx_word' id='word_1_220' title='bbox 441 2335 461 2366; x_wconf 85' lang='lat'>‚‚</span> <span class='ocrx_word' id='word_1_221' title='bbox 469 2303 567 2367; x_wconf 83' lang='lat' dir='ltr'>reliqui</span> <span class='ocrx_word' id='word_1_222' title='bbox 576 2301 596 2332; x_wconf 84' lang='lat'>“</span> <span class='ocrx_word' id='word_1_223' title='bbox 624 2306 692 2356; x_wconf 73' lang='grc' dir='ltr'><strong>[ιον.</strong></span> <span class='ocrx_word' id='word_1_224' title='bbox 711 2315 766 2352; x_wconf 85' lang='lat' dir='ltr'>sec.</span> <span class='ocrx_word' id='word_1_225' title='bbox 791 2303 873 2354; x_wconf 78' lang='lat' dir='ltr'>Febr.</span> <span class='ocrx_word' id='word_1_226' title='bbox 893 2306 965 2355; x_wconf 79' lang='lat' dir='ltr'>Gott.</span> <span class='ocrx_word' id='word_1_227' title='bbox 986 2316 1041 2353; x_wconf 82' lang='lat' dir='ltr'>sec.</span> <span class='ocrx_word' id='word_1_228' title='bbox 1059 2301 1162 2355; x_wconf 84' lang='lat' dir='ltr'>wnitt.</span> <span class='ocrx_word' id='word_1_229' title='bbox 1181 2302 1240 2353; x_wconf 85' lang='lat' dir='ltr'>Pet.</span> 
     </span>
     <span class='ocr_line' id='line_1_26' title="bbox 186 2366 1240 2442; baseline 0 -23"><span class='ocrx_word' id='word_1_230' title='bbox 186 2375 215 2421; x_wconf 88' lang='lat' dir='ltr'>et</span> <span class='ocrx_word' id='word_1_231' title='bbox 232 2373 323 2442; x_wconf 77' lang='lat' dir='ltr'>itorrg·¹</span> <span class='ocrx_word' id='word_1_232' title='bbox 335 2369 366 2420; x_wconf 81' lang='lat'>0·</span> <span class='ocrx_word' id='word_1_233' title='bbox 392 2381 449 2422; x_wconf 88' lang='lat' dir='ltr'>sec.</span> <span class='ocrx_word' id='word_1_234' title='bbox 475 2369 560 2423; x_wconf 86' lang='lat' dir='ltr'>Cond.</span> <span class='ocrx_word' id='word_1_235' title='bbox 586 2366 666 2424; x_wconf 84' lang='lat' dir='ltr'>Cam.</span> <span class='ocrx_word' id='word_1_236' title='bbox 693 2373 754 2420; x_wconf 84' lang='lat' dir='ltr'>Par.</span> <span class='ocrx_word' id='word_1_237' title='bbox 772 2374 806 2420; x_wconf 83' lang='lat' dir='ltr'>A.</span> <span class='ocrx_word' id='word_1_238' title='bbox 822 2374 871 2423; x_wconf 87' lang='lat' dir='ltr'>Dr.</span> <span class='ocrx_word' id='word_1_239' title='bbox 890 2369 946 2422; x_wconf 80' lang='lat' dir='ltr'>Au.</span> <span class='ocrx_word' id='word_1_240' title='bbox 965 2375 1046 2423; x_wconf 85' lang='lat' dir='ltr'>Vrat.</span> <span class='ocrx_word' id='word_1_241' title='bbox 1062 2371 1141 2421; x_wconf 82' lang='lat' dir='ltr'><strong>ABG.</strong></span> <span class='ocrx_word' id='word_1_242' title='bbox 1160 2373 1240 2422; x_wconf 69' lang='lat' dir='ltr'>(ioth.</span> 
     </span>
     <span class='ocr_line' id='line_1_27' title="bbox 187 2438 1243 2493; baseline 0.003 -5"><span class='ocrx_word' id='word_1_243' title='bbox 187 2441 217 2488; x_wconf 90' lang='lat' dir='ltr'>B.</span> <span class='ocrx_word' id='word_1_244' title='bbox 235 2441 333 2490; x_wconf 85' lang='lat' dir='ltr'>lismb.</span> <span class='ocrx_word' id='word_1_245' title='bbox 351 2438 432 2488; x_wconf 89' lang='lat' dir='ltr'>Vind.</span> <span class='ocrx_word' id='word_1_246' title='bbox 446 2440 499 2491; x_wconf 87' lang='lat' dir='ltr'>nc.</span> <span class='ocrx_word' id='word_1_247' title='bbox 516 2442 568 2490; x_wconf 77' lang='lat' dir='ltr'>Gn.</span> <span class='ocrx_word' id='word_1_248' title='bbox 583 2443 644 2491; x_wconf 87' lang='lat' dir='ltr'>edd.</span> <span class='ocrx_word' id='word_1_249' title='bbox 658 2449 720 2491; x_wconf 85' lang='lat' dir='ltr'>aute</span> <span class='ocrx_word' id='word_1_250' title='bbox 734 2443 795 2490; x_wconf 81' lang='lat' dir='ltr'>Atd.</span> <span class='ocrx_word' id='word_1_251' title='bbox 811 2444 887 2491; x_wconf 78' lang='lat' dir='ltr'>Tum.</span> <span class='ocrx_word' id='word_1_252' title='bbox 923 2445 1039 2493; x_wconf 83' lang='lat' dir='ltr'>Remota</span> <span class='ocrx_word' id='word_1_253' title='bbox 1052 2440 1243 2491; x_wconf 85' lang='lat' dir='ltr'>coniunctione</span> 
     </span>
     <span class='ocr_line' id='line_1_28' title="bbox 187 2509 1242 2575; baseline 0.004 -18"><span class='ocrx_word' id='word_1_254' title='bbox 187 2512 236 2557; x_wconf 86' lang='lat' dir='ltr'>aut</span> <span class='ocrx_word' id='word_1_255' title='bbox 253 2510 415 2570; x_wconf 76' lang='lat' dir='ltr'>asyndeton,</span> <span class='ocrx_word' id='word_1_256' title='bbox 432 2511 511 2570; x_wconf 82' lang='lat' dir='ltr'>quate</span> <span class='ocrx_word' id='word_1_257' title='bbox 529 2509 556 2574; x_wconf 84' lang='lat'>5,</span> <span class='ocrx_word' id='word_1_258' title='bbox 574 2513 609 2559; x_wconf 87' lang='grc'>33</span> <span class='ocrx_word' id='word_1_259' title='bbox 625 2510 652 2570; x_wconf 77' lang='lat' dir='ltr'>S.</span> <span class='ocrx_word' id='word_1_260' title='bbox 670 2513 687 2558; x_wconf 81' lang='grc'><strong>6</strong></span> <span class='ocrx_word' id='word_1_261' title='bbox 705 2510 817 2561; x_wconf 76' lang='lat' dir='ltr'>etaiibi</span> <span class='ocrx_word' id='word_1_262' title='bbox 836 2515 936 2575; x_wconf 85' lang='lat' dir='ltr'>exstet,</span> <span class='ocrx_word' id='word_1_263' title='bbox 954 2511 1072 2571; x_wconf 82' lang='lat' dir='ltr'>scriptor</span> <span class='ocrx_word' id='word_1_264' title='bbox 1090 2512 1174 2574; x_wconf 84' lang='lat' dir='ltr'>iecit,</span> <span class='ocrx_word' id='word_1_265' title='bbox 1193 2513 1242 2561; x_wconf 83' lang='lat' dir='ltr'>aot</span> 
     </span>
     <span class='ocr_line' id='line_1_29' title="bbox 185 2577 1240 2642; baseline 0.003 -15"><span class='ocrx_word' id='word_1_266' title='bbox 185 2578 315 2628; x_wconf 81' lang='lat' dir='ltr'>Haeduos</span> <span class='ocrx_word' id='word_1_267' title='bbox 341 2577 447 2627; x_wconf 80' lang='lat' dir='ltr'>duabus</span> <span class='ocrx_word' id='word_1_268' title='bbox 470 2580 503 2626; x_wconf 89' lang='lat' dir='ltr'>dc</span> <span class='ocrx_word' id='word_1_269' title='bbox 522 2578 616 2628; x_wconf 82' lang='lat' dir='ltr'>causis</span> <span class='ocrx_word' id='word_1_270' title='bbox 634 2590 745 2639; x_wconf 87' lang='lat' dir='ltr'>poenam</span> <span class='ocrx_word' id='word_1_271' title='bbox 760 2579 886 2629; x_wconf 73' lang='lat' dir='ltr'>timuisse</span> <span class='ocrx_word' id='word_1_272' title='bbox 904 2593 989 2642; x_wconf 81' lang='lat' dir='ltr'>eoque</span> <span class='ocrx_word' id='word_1_273' title='bbox 1006 2580 1101 2631; x_wconf 83' lang='lat' dir='ltr'>timore</span> <span class='ocrx_word' id='word_1_274' title='bbox 1120 2581 1240 2630; x_wconf 79' lang='lat' dir='ltr'>exterri-</span> 
     </span>
    </p>

    <p class='ocr_par' dir='ltr' id='par_1_13' title="bbox 154 2623 1274 3058">
     <span class='ocr_line' id='line_1_30' title="bbox 154 2623 1240 2712; baseline 0.004 -16"><span class='ocrx_word' id='word_1_275' title='bbox 154 2623 229 2712; x_wconf 55' lang='lat' dir='ltr'>Oos</span> <span class='ocrx_word' id='word_1_276' title='bbox 255 2645 369 2696; x_wconf 84' lang='lat' dir='ltr'>consitis</span> <span class='ocrx_word' id='word_1_277' title='bbox 391 2646 425 2694; x_wconf 87' lang='lat' dir='ltr'>de</span> <span class='ocrx_word' id='word_1_278' title='bbox 444 2646 516 2696; x_wconf 86' lang='lat' dir='ltr'>heito</span> <span class='ocrx_word' id='word_1_279' title='bbox 534 2647 620 2696; x_wconf 86' lang='lat' dir='ltr'>inisse</span> <span class='ocrx_word' id='word_1_280' title='bbox 639 2648 718 2709; x_wconf 83' lang='lat' dir='ltr'>dicit,</span> <span class='ocrx_word' id='word_1_281' title='bbox 739 2650 807 2709; x_wconf 82' lang='lat' dir='ltr'>qood</span> <span class='ocrx_word' id='word_1_282' title='bbox 825 2655 853 2696; x_wconf 81' lang='lat' dir='ltr'>eo</span> <span class='ocrx_word' id='word_1_283' title='bbox 872 2649 1047 2701; x_wconf 85' lang='lat' dir='ltr'>contaminati</span> <span class='ocrx_word' id='word_1_284' title='bbox 1066 2650 1192 2701; x_wconf 81' lang='lat' dir='ltr'>facinore</span> <span class='ocrx_word' id='word_1_285' title='bbox 1210 2658 1240 2700; x_wconf 86' lang='lat' dir='ltr'>et</span> 
     </span>
     <span class='ocr_line' id='line_1_31' title="bbox 186 2713 1242 2783; baseline 0.008 -19"><span class='ocrx_word' id='word_1_286' title='bbox 186 2713 259 2776; x_wconf 80' lang='lat' dir='ltr'>cauti</span> <span class='ocrx_word' id='word_1_287' title='bbox 282 2715 438 2775; x_wconf 85' lang='lat' dir='ltr'>compendio</span> <span class='ocrx_word' id='word_1_288' title='bbox 465 2729 500 2764; x_wconf 81' lang='lat' dir='ltr'>ex</span> <span class='ocrx_word' id='word_1_289' title='bbox 522 2715 637 2777; x_wconf 84' lang='lat' dir='ltr'>direptis</span> <span class='ocrx_word' id='word_1_290' title='bbox 664 2717 739 2767; x_wconf 80' lang='lat' dir='ltr'>nonis</span> <span class='ocrx_word' id='word_1_291' title='bbox 764 2726 873 2781; x_wconf 78' lang='lat' dir='ltr'>essent,</span> <span class='ocrx_word' id='word_1_292' title='bbox 907 2731 1018 2783; x_wconf 84' lang='lat' dir='ltr'>quarum</span> <span class='ocrx_word' id='word_1_293' title='bbox 1042 2730 1133 2768; x_wconf 86' lang='lat' dir='ltr'>rerum</span> <span class='ocrx_word' id='word_1_294' title='bbox 1151 2721 1242 2772; x_wconf 82' lang='lat' dir='ltr'>alteru</span> 
     </span>
     <span class='ocr_line' id='line_1_32' title="bbox 188 2783 1240 2848; baseline 0.008 -16"><span class='ocrx_word' id='word_1_295' title='bbox 188 2795 255 2833; x_wconf 83' lang='lat' dir='ltr'>eene</span> <span class='ocrx_word' id='word_1_296' title='bbox 280 2783 403 2833; x_wconf 87' lang='lat' dir='ltr'>timorem</span> <span class='ocrx_word' id='word_1_297' title='bbox 427 2785 680 2848; x_wconf 67' lang='lat' dir='ltr'>pernoctatione,</span> <span class='ocrx_word' id='word_1_298' title='bbox 712 2788 801 2838; x_wconf 85' lang='lat' dir='ltr'>attera</span> <span class='ocrx_word' id='word_1_299' title='bbox 822 2800 889 2840; x_wconf 89' lang='lat' dir='ltr'>vero</span> <span class='ocrx_word' id='word_1_300' title='bbox 910 2790 1011 2838; x_wconf 88' lang='lat' dir='ltr'>unitam</span> <span class='ocrx_word' id='word_1_301' title='bbox 1031 2785 1166 2840; x_wconf 83' lang='lat' dir='ltr'>eiusmodi</span> <span class='ocrx_word' id='word_1_302' title='bbox 1185 2790 1240 2840; x_wconf 82' lang='lat' dir='ltr'>rim</span> 
     </span>
     <span class='ocr_line' id='line_1_33' title="bbox 186 2852 1241 2921; baseline 0.009 -19"><span class='ocrx_word' id='word_1_303' title='bbox 186 2855 287 2903; x_wconf 81' lang='lat' dir='ltr'>tradere</span> <span class='ocrx_word' id='word_1_304' title='bbox 312 2855 427 2914; x_wconf 83' lang='lat' dir='ltr'>poterat.</span> <span class='ocrx_word' id='word_1_305' title='bbox 467 2852 582 2903; x_wconf 81' lang='lat' dir='ltr'>Accedit</span> <span class='ocrx_word' id='word_1_306' title='bbox 607 2856 675 2918; x_wconf 85' lang='lat' dir='ltr'>quod</span> <span class='ocrx_word' id='word_1_307' title='bbox 701 2858 751 2906; x_wconf 82' lang='lat' dir='ltr'>hoc</span> <span class='ocrx_word' id='word_1_308' title='bbox 773 2857 850 2908; x_wconf 91' lang='lat' dir='ltr'>modo</span> <span class='ocrx_word' id='word_1_309' title='bbox 876 2859 1019 2908; x_wconf 77' lang='lat' dir='ltr'>vetitorum</span> <span class='ocrx_word' id='word_1_310' title='bbox 1039 2858 1114 2921; x_wconf 79' lang='lat' dir='ltr'>quod</span> <span class='ocrx_word' id='word_1_311' title='bbox 1137 2872 1171 2910; x_wconf 81' lang='lat' dir='ltr'>es</span> <span class='ocrx_word' id='word_1_312' title='bbox 1191 2872 1241 2911; x_wconf 73' lang='lat' dir='ltr'>rer</span> 
     </span>
     <span class='ocr_line' id='line_1_34' title="bbox 186 2922 1274 2991; baseline 0.007 -18"><span class='ocrx_word' id='word_1_313' title='bbox 186 2923 225 2973; x_wconf 85' lang='lat' dir='ltr'>od</span> <span class='ocrx_word' id='word_1_314' title='bbox 247 2924 352 2972; x_wconf 75' lang='lat' dir='ltr'>nouiter</span> <span class='ocrx_word' id='word_1_315' title='bbox 372 2922 536 2985; x_wconf 77' lang='lat' dir='ltr'>pertinebat</span> <span class='ocrx_word' id='word_1_316' title='bbox 553 2926 581 2973; x_wconf 88' lang='lat' dir='ltr'>et</span> <span class='ocrx_word' id='word_1_317' title='bbox 599 2925 735 2974; x_wconf 78' lang='lat' dir='ltr'>sententio</span> <span class='ocrx_word' id='word_1_318' title='bbox 751 2925 844 2986; x_wconf 83' lang='lat' dir='ltr'>inepta</span> <span class='ocrx_word' id='word_1_319' title='bbox 861 2937 889 2977; x_wconf 87' lang='lat' dir='ltr'>et</span> <span class='ocrx_word' id='word_1_320' title='bbox 905 2928 1003 2977; x_wconf 81' lang='lat' dir='ltr'>relatio</span> <span class='ocrx_word' id='word_1_321' title='bbox 1020 2927 1156 2991; x_wconf 78' lang='lat' dir='ltr'>ambigue,</span> <span class='ocrx_word' id='word_1_322' title='bbox 1175 2942 1241 2990; x_wconf 87' lang='lat' dir='ltr'>par·</span> <span class='ocrx_word' id='word_1_323' title='bbox 1270 2962 1274 2971; x_wconf 80' lang='lat'><strong>·</strong></span> 
     </span>
     <span class='ocr_line' id='line_1_35' title="bbox 186 2991 1263 3058; baseline 0.008 -16"><span class='ocrx_word' id='word_1_324' title='bbox 186 2991 306 3053; x_wconf 87' lang='lat' dir='ltr'>ticipium</span> <span class='ocrx_word' id='word_1_325' title='bbox 325 3000 415 3041; x_wconf 86' lang='lat' dir='ltr'>antem</span> <span class='ocrx_word' id='word_1_326' title='bbox 431 2992 577 3045; x_wconf 74' lang='lat' dir='ltr'>ecterrtte·</span> <span class='ocrx_word' id='word_1_327' title='bbox 593 2992 688 3043; x_wconf 85' lang='lat' dir='ltr'>inutile</span> <span class='ocrx_word' id='word_1_328' title='bbox 702 2993 911 3048; x_wconf 82' lang='lat' dir='ltr'>additamentum</span> <span class='ocrx_word' id='word_1_329' title='bbox 922 2995 961 3046; x_wconf 83' lang='lat' dir='ltr'>ut.</span> <span class='ocrx_word' id='word_1_330' title='bbox 997 2992 1160 3058; x_wconf 79' lang='lat' dir='ltr'>Asyudeton</span> <span class='ocrx_word' id='word_1_331' title='bbox 1175 3007 1263 3050; x_wconf 76' lang='lat' dir='ltr'>vero·</span> 
     </span>
    </p>

    <p class='ocr_par' dir='ltr' id='par_1_14' title="bbox 132 3058 1241 3131">
     <span class='ocr_line' id='line_1_36' title="bbox 132 3058 1241 3131; baseline 0.005 -21"><span class='ocrx_word' id='word_1_332' title='bbox 132 3115 138 3131; x_wconf 80' lang='lat'><strong>.</strong></span> <span class='ocrx_word' id='word_1_333' title='bbox 189 3061 251 3112; x_wconf 83' lang='lat' dir='ltr'>sine</span> <span class='ocrx_word' id='word_1_334' title='bbox 267 3058 373 3112; x_wconf 83' lang='lat' dir='ltr'>ratione</span> <span class='ocrx_word' id='word_1_335' title='bbox 390 3061 492 3112; x_wconf 84' lang='lat' dir='ltr'>fecisse</span> <span class='ocrx_word' id='word_1_336' title='bbox 510 3060 616 3114; x_wconf 77' lang='lat' dir='ltr'>caesar</span> <span class='ocrx_word' id='word_1_337' title='bbox 632 3074 686 3113; x_wconf 89' lang='lat' dir='ltr'>uon</span> <span class='ocrx_word' id='word_1_338' title='bbox 703 3062 818 3114; x_wconf 74' lang='lat' dir='ltr'>videtur:</span> <span class='ocrx_word' id='word_1_339' title='bbox 1224 3060 1241 3085; x_wconf 60' lang='lat' dir='ltr'><em>s</em></span> 
     </span>
    </p>
   </div>
   <div class='ocr_carea' id='block_1_4' title="bbox 104 3239 1253 4223">
    <p class='ocr_par' dir='ltr' id='par_1_15' title="bbox 153 3239 1244 3594">
     <span class='ocr_line' id='line_1_37' title="bbox 203 3239 1244 3318; baseline 0.01 -18"><span class='ocrx_word' id='word_1_340' title='bbox 203 3243 270 3312; x_wconf 78' lang='lat' dir='ltr'>Gap.</span> <span class='ocrx_word' id='word_1_341' title='bbox 292 3243 338 3298; x_wconf 74' lang='lat' dir='ltr'>ta.</span> <span class='ocrx_word' id='word_1_342' title='bbox 366 3239 393 3309; x_wconf 91' lang='lat'>§.</span> <span class='ocrx_word' id='word_1_343' title='bbox 420 3249 435 3297; x_wconf 91' lang='lat' dir='ltr'>l</span> <span class='ocrx_word' id='word_1_344' title='bbox 468 3246 677 3313; x_wconf 71' lang='lat' dir='ltr'>nominalium,</span> <span class='ocrx_word' id='word_1_345' title='bbox 718 3261 786 3301; x_wconf 88' lang='lat' dir='ltr'>vero</span> <span class='ocrx_word' id='word_1_346' title='bbox 801 3250 838 3302; x_wconf 86' lang='lat' dir='ltr'>de</span> <span class='ocrx_word' id='word_1_347' title='bbox 856 3249 1058 3318; x_wconf 85' lang='lat' dir='ltr'>praepositione</span> <span class='ocrx_word' id='word_1_348' title='bbox 1070 3254 1166 3306; x_wconf 76' lang='lat' dir='ltr'>utitur:</span> <span class='ocrx_word' id='word_1_349' title='bbox 1200 3254 1244 3309; x_wconf 76' lang='lat' dir='ltr'>(tt.</span> 
     </span>
     <span class='ocr_line' id='line_1_38' title="bbox 153 3316 1243 3394; baseline 0.011 -26"><span class='ocrx_word' id='word_1_350' title='bbox 153 3316 397 3385; x_wconf 84' lang='lat' dir='ltr'>omnes-teneri]</span> <span class='ocrx_word' id='word_1_351' title='bbox 422 3318 524 3368; x_wconf 83' lang='lat' dir='ltr'>liodem</span> <span class='ocrx_word' id='word_1_352' title='bbox 539 3318 617 3370; x_wconf 87' lang='lat' dir='ltr'>modo</span> <span class='ocrx_word' id='word_1_353' title='bbox 633 3317 678 3368; x_wconf 89' lang='lat' dir='ltr'>ei·</span> <span class='ocrx_word' id='word_1_354' title='bbox 719 3316 745 3382; x_wconf 86' lang='lat'>5,</span> <span class='ocrx_word' id='word_1_355' title='bbox 764 3319 799 3370; x_wconf 82' lang='lat'>53</span> <span class='ocrx_word' id='word_1_356' title='bbox 817 3319 843 3380; x_wconf 79' lang='lat' dir='ltr'>S.</span> <span class='ocrx_word' id='word_1_357' title='bbox 863 3324 890 3371; x_wconf 87' lang='lat' dir='ltr'>d.</span> <span class='ocrx_word' id='word_1_358' title='bbox 916 3325 950 3388; x_wconf 86' lang='grc'>6,</span> <span class='ocrx_word' id='word_1_359' title='bbox 967 3324 1002 3373; x_wconf 86' lang='grc'>36</span> <span class='ocrx_word' id='word_1_360' title='bbox 1020 3320 1046 3381; x_wconf 75' lang='lat' dir='ltr'>S.</span> <span class='ocrx_word' id='word_1_361' title='bbox 1064 3327 1088 3374; x_wconf 86' lang='lat' dir='ltr'>t.</span> <span class='ocrx_word' id='word_1_362' title='bbox 1111 3327 1145 3394; x_wconf 87' lang='lat'>7,</span> <span class='ocrx_word' id='word_1_363' title='bbox 1166 3324 1243 3387; x_wconf 71' lang='lat'><strong>118.</strong></span> 
     </span>
     <span class='ocr_line' id='line_1_39' title="bbox 153 3387 873 3455; baseline 0.001 -17"><span class='ocrx_word' id='word_1_364' title='bbox 153 3390 213 3438; x_wconf 86' lang='lat' dir='ltr'>dem</span> <span class='ocrx_word' id='word_1_365' title='bbox 249 3388 422 3438; x_wconf 83' lang='lat' dir='ltr'>substantivo</span> <span class='ocrx_word' id='word_1_366' title='bbox 457 3389 597 3449; x_wconf 83' lang='lat' dir='ltr'>appositus</span> <span class='ocrx_word' id='word_1_367' title='bbox 633 3395 677 3439; x_wconf 82' lang='lat' dir='ltr'>eet</span> <span class='ocrx_word' id='word_1_368' title='bbox 718 3387 745 3439; x_wconf 85' lang='lat'>4.</span> <span class='ocrx_word' id='word_1_369' title='bbox 767 3389 819 3455; x_wconf 87' lang='grc'>59,</span> <span class='ocrx_word' id='word_1_370' title='bbox 837 3392 873 3439; x_wconf 86' lang='lat'>1..</span> 
     </span>
     <span class='ocr_line' id='line_1_40' title="bbox 153 3454 1244 3531; baseline 0.009 -24"><span class='ocrx_word' id='word_1_371' title='bbox 153 3460 333 3507; x_wconf 75' lang='lat' dir='ltr'>accersativus</span> <span class='ocrx_word' id='word_1_372' title='bbox 359 3465 428 3506; x_wconf 84' lang='lat' dir='ltr'>com·</span> <span class='ocrx_word' id='word_1_373' title='bbox 444 3455 578 3507; x_wconf 79' lang='lat' dir='ltr'>infinitivo</span> <span class='ocrx_word' id='word_1_374' title='bbox 598 3469 622 3506; x_wconf 90' lang='lat' dir='ltr'>c.</span> <span class='ocrx_word' id='word_1_375' title='bbox 639 3454 677 3506; x_wconf 79' lang='lat'>48</span> <span class='ocrx_word' id='word_1_376' title='bbox 702 3516 705 3531; x_wconf 36' lang='grc' dir='ltr'>Ι</span> <span class='ocrx_word' id='word_1_377' title='bbox 771 3455 885 3524; x_wconf 81' lang='lat' dir='ltr'>milites]</span> <span class='ocrx_word' id='word_1_378' title='bbox 920 3459 977 3511; x_wconf 79' lang='lat' dir='ltr'>lios</span> <span class='ocrx_word' id='word_1_379' title='bbox 1001 3459 1155 3512; x_wconf 78' lang='lat' dir='ltr'>debuercs</span> <span class='ocrx_word' id='word_1_380' title='bbox 1182 3477 1244 3517; x_wconf 81' lang='lat' dir='ltr'>curu</span> 
     </span>
     <span class='ocr_line' id='line_1_41' title="bbox 154 3526 1242 3594; baseline 0.009 -19"><span class='ocrx_word' id='word_1_381' title='bbox 154 3526 179 3588; x_wconf 80' lang='lat' dir='ltr'>s.</span> <span class='ocrx_word' id='word_1_382' title='bbox 194 3527 223 3576; x_wconf 90' lang='lat'>1:</span> <span class='ocrx_word' id='word_1_383' title='bbox 243 3528 352 3578; x_wconf 72' lang='lat' dir='ltr'>creeris</span> <span class='ocrx_word' id='word_1_384' title='bbox 364 3526 474 3577; x_wconf 78' lang='lat' dir='ltr'>noctiis</span> <span class='ocrx_word' id='word_1_385' title='bbox 485 3526 611 3591; x_wconf 78' lang='lat' dir='ltr'>incitati,</span> <span class='ocrx_word' id='word_1_386' title='bbox 625 3541 678 3592; x_wconf 79' lang='lat' dir='ltr'>op·</span> <span class='ocrx_word' id='word_1_387' title='bbox 718 3527 855 3591; x_wconf 83' lang='lat' dir='ltr'>equitibus</span> <span class='ocrx_word' id='word_1_388' title='bbox 869 3529 1037 3579; x_wconf 83' lang='lat' dir='ltr'>confondeus</span> <span class='ocrx_word' id='word_1_389' title='bbox 1049 3530 1242 3594; x_wconf 78' lang='lat' dir='ltr'>inergumento</span> 
     </span>
    </p>

    <p class='ocr_par' dir='ltr' id='par_1_16' title="bbox 104 3596 1253 4223">
     <span class='ocr_line' id='line_1_42' title="bbox 104 3596 1185 3661; baseline 0.009 -17"><span class='ocrx_word' id='word_1_390' title='bbox 104 3628 107 3634; x_wconf 80' lang='lat'><em>·</em></span> <span class='ocrx_word' id='word_1_391' title='bbox 152 3597 435 3660; x_wconf 78' lang='lat' dir='ltr'>pidumcitcmcnie</span> <span class='ocrx_word' id='word_1_392' title='bbox 447 3596 550 3648; x_wconf 80' lang='lat' dir='ltr'>teneri.</span> <span class='ocrx_word' id='word_1_393' title='bbox 565 3605 593 3645; x_wconf 86' lang='lat' dir='ltr'>et</span> <span class='ocrx_word' id='word_1_394' title='bbox 605 3597 677 3659; x_wconf 88' lang='lat' dir='ltr'>apud</span> <span class='ocrx_word' id='word_1_395' title='bbox 720 3597 819 3659; x_wconf 82' lang='lat' dir='ltr'>capitis</span> <span class='ocrx_word' id='word_1_396' title='bbox 839 3597 930 3661; x_wconf 85' lang='lat' dir='ltr'>posuit</span> <span class='ocrx_word' id='word_1_397' title='bbox 946 3600 1012 3649; x_wconf 82' lang='lat' dir='ltr'>leur·</span> <span class='ocrx_word' id='word_1_398' title='bbox 1029 3601 1185 3654; x_wconf 63' lang='lat' dir='ltr'>russerie.</span> 
     </span>
     <span class='ocr_line' id='line_1_43' title="bbox 154 3663 1243 3733; baseline 0.006 -18"><span class='ocrx_word' id='word_1_399' title='bbox 154 3666 273 3715; x_wconf 84' lang='lat' dir='ltr'>Hirtium</span> <span class='ocrx_word' id='word_1_400' title='bbox 289 3664 323 3733; x_wconf 88' lang='lat'>8,</span> <span class='ocrx_word' id='word_1_401' title='bbox 348 3669 381 3716; x_wconf 84' lang='grc'>19</span> <span class='ocrx_word' id='word_1_402' title='bbox 399 3663 425 3726; x_wconf 82' lang='lat' dir='ltr'>S.</span> <span class='ocrx_word' id='word_1_403' title='bbox 442 3663 484 3722; x_wconf 61' lang='lat' dir='ltr'>ta</span> <span class='ocrx_word' id='word_1_404' title='bbox 508 3664 606 3729; x_wconf 77' lang='lat' dir='ltr'>nuntii</span> <span class='ocrx_word' id='word_1_405' title='bbox 622 3666 677 3716; x_wconf 82' lang='lat' dir='ltr'>cd-</span> <span class='ocrx_word' id='word_1_406' title='bbox 770 3663 797 3733; x_wconf 62' lang='grc' dir='ltr'>ς.</span> <span class='ocrx_word' id='word_1_407' title='bbox 822 3671 839 3717; x_wconf 90' lang='grc'>3</span> <span class='ocrx_word' id='word_1_408' title='bbox 872 3668 960 3728; x_wconf 82' lang='lat' dir='ltr'>capti]</span> <span class='ocrx_word' id='word_1_409' title='bbox 995 3669 1034 3718; x_wconf 83' lang='lat' dir='ltr'>De</span> <span class='ocrx_word' id='word_1_410' title='bbox 1057 3669 1139 3719; x_wconf 83' lang='lat' dir='ltr'>huius</span> <span class='ocrx_word' id='word_1_411' title='bbox 1165 3670 1243 3722; x_wconf 80' lang='lat' dir='ltr'>veriti</span> 
     </span>
     <span class='ocr_line' id='line_1_44' title="bbox 154 3734 1243 3803; baseline 0.004 -18"><span class='ocrx_word' id='word_1_412' title='bbox 154 3738 314 3803; x_wconf 75' lang='lat' dir='ltr'>feruntur,</span> <span class='ocrx_word' id='word_1_413' title='bbox 337 3736 544 3798; x_wconf 79' lang='lat' dir='ltr'>imperatorem</span> <span class='ocrx_word' id='word_1_414' title='bbox 562 3737 677 3785; x_wconf 78' lang='lat' dir='ltr'>instro·</span> <span class='ocrx_word' id='word_1_415' title='bbox 717 3749 770 3788; x_wconf 81' lang='lat' dir='ltr'>usu</span> <span class='ocrx_word' id='word_1_416' title='bbox 794 3734 925 3788; x_wconf 82' lang='lat' dir='ltr'>caesaris</span> <span class='ocrx_word' id='word_1_417' title='bbox 950 3736 988 3785; x_wconf 82' lang='lat' dir='ltr'>ct.</span> <span class='ocrx_word' id='word_1_418' title='bbox 1013 3739 1074 3792; x_wconf 82' lang='lat' dir='ltr'>adn.</span> <span class='ocrx_word' id='word_1_419' title='bbox 1098 3752 1139 3793; x_wconf 89' lang='lat' dir='ltr'>cr.</span> <span class='ocrx_word' id='word_1_420' title='bbox 1165 3741 1201 3791; x_wconf 85' lang='lat' dir='ltr'>ad</span> <span class='ocrx_word' id='word_1_421' title='bbox 1217 3752 1243 3791; x_wconf 92' lang='lat' dir='ltr'>c.</span> 
     </span>
     <span class='ocr_line' id='line_1_45' title="bbox 155 3802 1243 3869; baseline 0.005 -15"><span class='ocrx_word' id='word_1_422' title='bbox 155 3805 210 3854; x_wconf 76' lang='lat' dir='ltr'>ctis</span> <span class='ocrx_word' id='word_1_423' title='bbox 230 3803 320 3866; x_wconf 78' lang='lat' dir='ltr'>copiis</span> <span class='ocrx_word' id='word_1_424' title='bbox 337 3805 446 3856; x_wconf 83' lang='lat' dir='ltr'>adesse.</span> <span class='ocrx_word' id='word_1_425' title='bbox 480 3802 553 3854; x_wconf 80' lang='lat' dir='ltr'>Alibi</span> <span class='ocrx_word' id='word_1_426' title='bbox 573 3803 678 3855; x_wconf 77' lang='lat' dir='ltr'>caesar</span> <span class='ocrx_word' id='word_1_427' title='bbox 718 3808 751 3858; x_wconf 85' lang='grc'>31</span> <span class='ocrx_word' id='word_1_428' title='bbox 771 3807 797 3868; x_wconf 74' lang='lat' dir='ltr'>s.</span> <span class='ocrx_word' id='word_1_429' title='bbox 817 3811 843 3855; x_wconf 85' lang='lat'>2.</span> <span class='ocrx_word' id='word_1_430' title='bbox 877 3806 954 3856; x_wconf 80' lang='lat' dir='ltr'>sicot</span> <span class='ocrx_word' id='word_1_431' title='bbox 972 3808 1006 3869; x_wconf 89' lang='grc'>6,</span> <span class='ocrx_word' id='word_1_432' title='bbox 1030 3811 1065 3857; x_wconf 81' lang='lat'>22</span> <span class='ocrx_word' id='word_1_433' title='bbox 1084 3807 1110 3867; x_wconf 81' lang='lat' dir='ltr'>S.</span> <span class='ocrx_word' id='word_1_434' title='bbox 1129 3812 1147 3859; x_wconf 92' lang='grc'>3</span> <span class='ocrx_word' id='word_1_435' title='bbox 1163 3809 1243 3861; x_wconf 75' lang='lat' dir='ltr'>corr-</span> 
     </span>
     <span class='ocr_line' id='line_1_46' title="bbox 154 3873 1246 3943; baseline 0.005 -20"><span class='ocrx_word' id='word_1_436' title='bbox 154 3885 316 3925; x_wconf 89' lang='lat' dir='ltr'>concnrsum</span> <span class='ocrx_word' id='word_1_437' title='bbox 332 3873 412 3922; x_wconf 84' lang='lat' dir='ltr'>istum</span> <span class='ocrx_word' id='word_1_438' title='bbox 431 3876 535 3939; x_wconf 87' lang='lat' dir='ltr'>moitit,</span> <span class='ocrx_word' id='word_1_439' title='bbox 553 3878 582 3924; x_wconf 93' lang='lat' dir='ltr'>ut</span> <span class='ocrx_word' id='word_1_440' title='bbox 601 3876 635 3939; x_wconf 80' lang='lat'>2,</span> <span class='ocrx_word' id='word_1_441' title='bbox 660 3877 675 3925; x_wconf 91' lang='lat'>1</span> <span class='ocrx_word' id='word_1_442' title='bbox 721 3879 779 3928; x_wconf 83' lang='lat' dir='ltr'>duc</span> <span class='ocrx_word' id='word_1_443' title='bbox 796 3875 1004 3928; x_wconf 80' lang='lat' dir='ltr'>consuetudine</span> <span class='ocrx_word' id='word_1_444' title='bbox 1023 3879 1118 3943; x_wconf 82' lang='lat' dir='ltr'>rapti,</span> <span class='ocrx_word' id='word_1_445' title='bbox 1143 3877 1183 3943; x_wconf 70' lang='lat' dir='ltr'>itte</span> <span class='ocrx_word' id='word_1_446' title='bbox 1199 3879 1246 3929; x_wconf 79' lang='lat' dir='ltr'>nic</span> 
     </span>
     <span class='ocr_line' id='line_1_47' title="bbox 155 3940 1248 4013; baseline 0.007 -22"><span class='ocrx_word' id='word_1_447' title='bbox 155 3943 181 4002; x_wconf 79' lang='lat' dir='ltr'>s.</span> <span class='ocrx_word' id='word_1_448' title='bbox 207 3944 238 3991; x_wconf 89' lang='lat'>1:</span> <span class='ocrx_word' id='word_1_449' title='bbox 269 3940 366 3993; x_wconf 76' lang='lat' dir='ltr'>credre·</span> <span class='ocrx_word' id='word_1_450' title='bbox 391 3942 429 3993; x_wconf 86' lang='lat' dir='ltr'>od</span> <span class='ocrx_word' id='word_1_451' title='bbox 456 3957 520 3994; x_wconf 88' lang='lat' dir='ltr'>eom</span> <span class='ocrx_word' id='word_1_452' title='bbox 544 3956 678 3996; x_wconf 81' lang='lat' dir='ltr'>rumores</span> <span class='ocrx_word' id='word_1_453' title='bbox 720 3947 886 4010; x_wconf 77' lang='lat' dir='ltr'>compendio</span> <span class='ocrx_word' id='word_1_454' title='bbox 902 3946 982 4008; x_wconf 79' lang='lat' dir='ltr'>copti</span> <span class='ocrx_word' id='word_1_455' title='bbox 998 3947 1143 4013; x_wconf 83' lang='lat' dir='ltr'>dicuutur,</span> <span class='ocrx_word' id='word_1_456' title='bbox 1169 3949 1248 3999; x_wconf 85' lang='lat' dir='ltr'>velut</span> 
     </span>
     <span class='ocr_line' id='line_1_48' title="bbox 155 4010 1249 4083; baseline 0.007 -22"><span class='ocrx_word' id='word_1_457' title='bbox 155 4010 385 4075; x_wconf 71' lang='lat' dir='ltr'>adferebantur,</span> <span class='ocrx_word' id='word_1_458' title='bbox 417 4012 583 4078; x_wconf 78' lang='lat' dir='ltr'>litterisque</span> <span class='ocrx_word' id='word_1_459' title='bbox 608 4013 679 4066; x_wconf 78' lang='lat' dir='ltr'>item</span> <span class='ocrx_word' id='word_1_460' title='bbox 721 4015 815 4066; x_wconf 82' lang='lat' dir='ltr'>adecti</span> <span class='ocrx_word' id='word_1_461' title='bbox 830 4024 857 4064; x_wconf 87' lang='lat' dir='ltr'>ec</span> <span class='ocrx_word' id='word_1_462' title='bbox 873 4015 973 4065; x_wconf 83' lang='lat' dir='ltr'>irretiti</span> <span class='ocrx_word' id='word_1_463' title='bbox 988 4017 1068 4083; x_wconf 82' lang='lat' dir='ltr'>tucri,</span> <span class='ocrx_word' id='word_1_464' title='bbox 1086 4019 1159 4080; x_wconf 83' lang='lat' dir='ltr'>quod</span> <span class='ocrx_word' id='word_1_465' title='bbox 1172 4018 1249 4069; x_wconf 81' lang='lat' dir='ltr'>tece-</span> 
     </span>
     <span class='ocr_line' id='line_1_49' title="bbox 155 4079 1249 4152; baseline 0.007 -21"><span class='ocrx_word' id='word_1_466' title='bbox 155 4080 275 4131; x_wconf 74' lang='lat' dir='ltr'>Lcdtent</span> <span class='ocrx_word' id='word_1_467' title='bbox 311 4081 424 4131; x_wconf 79' lang='lat' dir='ltr'>certior</span> <span class='ocrx_word' id='word_1_468' title='bbox 460 4079 545 4146; x_wconf 72' lang='lat' dir='ltr'>tiebat</span> <span class='ocrx_word' id='word_1_469' title='bbox 582 4095 680 4136; x_wconf 80' lang='lat' dir='ltr'>omncs</span> <span class='ocrx_word' id='word_1_470' title='bbox 721 4095 794 4152; x_wconf 86' lang='lat' dir='ltr'>rent,</span> <span class='ocrx_word' id='word_1_471' title='bbox 811 4084 965 4150; x_wconf 79' lang='lat' dir='ltr'>dulcedine,</span> <span class='ocrx_word' id='word_1_472' title='bbox 981 4087 1053 4150; x_wconf 85' lang='lat' dir='ltr'>quod</span> <span class='ocrx_word' id='word_1_473' title='bbox 1072 4087 1138 4149; x_wconf 79' lang='lat' dir='ltr'>qula</span> <span class='ocrx_word' id='word_1_474' title='bbox 1157 4087 1249 4139; x_wconf 83' lang='lat' dir='ltr'>dimit-</span> 
     </span>
     <span class='ocr_line' id='line_1_50' title="bbox 155 4150 1253 4223; baseline 0.008 -20"><span class='ocrx_word' id='word_1_475' title='bbox 155 4150 305 4218; x_wconf 65' lang='grc'>1333933-</span> <span class='ocrx_word' id='word_1_476' title='bbox 318 4150 485 4206; x_wconf 80' lang='lat' dir='ltr'>coniurare.</span> <span class='ocrx_word' id='word_1_477' title='bbox 519 4152 680 4220; x_wconf 79' lang='lat' dir='ltr'>Plerumque</span> <span class='ocrx_word' id='word_1_478' title='bbox 721 4157 782 4207; x_wconf 81' lang='lat' dir='ltr'>tere</span> <span class='ocrx_word' id='word_1_479' title='bbox 806 4155 951 4223; x_wconf 79' lang='lat' dir='ltr'>nolebant,</span> <span class='ocrx_word' id='word_1_480' title='bbox 982 4156 1017 4206; x_wconf 85' lang='lat' dir='ltr'>de</span> <span class='ocrx_word' id='word_1_481' title='bbox 1041 4157 1114 4211; x_wconf 83' lang='lat' dir='ltr'>bello</span> <span class='ocrx_word' id='word_1_482' title='bbox 1132 4157 1253 4214; x_wconf 77' lang='lat' dir='ltr'>consitis</span> 
     </span>
    </p>
   </div>
   <div class='ocr_carea' id='block_1_5' title="bbox 0 0 1364 4726">
    <p class='ocr_par' dir='ltr' id='par_1_17' title="bbox 0 0 1364 4726">
     <span class='ocr_line' id='line_1_51' title="bbox 0 0 1364 4726; baseline 0 0"><span class='ocrx_word' id='word_1_483' title='bbox 0 0 1364 4726; x_wconf 95' lang='lat' dir='ltr'> </span> 
     </span>
    </p>
   </div>
  </div>
 </body>
</html>
