2700 4726
441 300 548 374 LIB.
569 301 653 377 vll.
696 300 821 375 cni.
843 306 890 379 88
1144 307 1213 379 635

95 512 97 519 ·
125 489 263 557 sublato
285 488 410 577 exeipit
432 511 554 559 rursus
577 514 618 558 ex
642 493 731 559 vallo
754 498 856 579 etque
876 492 1030 560 omuibus
1051 494 1208 563 munitio-

123 578 223 645 nibus
243 579 381 645 clemur.
425 577 548 646 Nostri
570 580 708 646 omissis
732 581 811 669 pilis
834 578 958 666 madiis
980 603 1049 647 rem
1072 592 1205 669 gerunt.
1230 591 1250 652 3

159 777 265 819 turmas
283 771 447 835 euinceret,
472 767 599 833 impetum
618 771 646 821 iu
665 769 844 837 munitiones,
863 782 932 835 quas
949 773 1104 823 defenderet
1120 785 1210 840 nemo,

158 841 253 889 iacere
278 838 420 889 destitisse
444 841 472 889 et
495 841 540 904 ii,
566 843 636 903 quoii
653 842 790 891 Romanos
807 841 834 891 ln
852 840 941 893 animo
958 843 1059 891 babere
1078 843 1212 910 viderent,

158 909 190 957 ut
215 909 348 971 proelium
370 908 585 973 committerent,
612 902 851 972 praeoccupasse?
894 909 1020 961 Ceterum
1045 918 1098 968 tam
1124 925 1210 974 perro

156 988 291 1029 momento
308 977 494 1029 antecessisse
512 978 586 1031 ualli
603 984 710 1043 temque
729 980 819 1041 parati
836 979 871 1029 ai
889 980 1083 1043 confligendum
1097 982 1212 1035 Romani

158 1047 248 1096 luisse
268 1049 410 1112 videnlur,
436 1055 465 1101 ut
482 1049 578 1098 mirum
597 1059 648 1099 non
672 1049 726 1113 sit,
751 1049 905 1098 siluerunt
922 1048 967 1112 qui
986 1051 1052 1113 bos,
1075 1061 1130 1100 nou
1146 1051 1210 1101 iilos

156 1116 289 1178 proelium
312 1116 481 1166 commisisse
501 1119 649 1168 traderent.
685 1119 804 1178 Quorum
827 1119 946 1167 fortasse
970 1119 1088 1181 aliquem
1112 1123 1210 1171 auoto-

155 1198 213 1235 rem
233 1187 325 1237 babuit
341 1188 499 1248 Polyaenus
517 1188 652 1237 barbaros
669 1186 840 1237 multitudiue
855 1188 941 1238 fretus
958 1190 1138 1240 Romanorum
1155 1189 1209 1239 im-

155 1263 246 1317 petum
264 1267 325 1304 curn
344 1255 405 1306 risu
422 1255 564 1315 excepisse
583 1268 700 1307 narrans
716 1257 801 1307 strat.
820 1255 853 1323 8,
870 1258 904 1309 2³
928 1256 955 1317 s.
973 1257 1025 1307 11:
1046 1253 1086 1323 epi
1102 1252 1210 1325 πλήθει

146 1319 322 1394 &adicietur
339 1319 466 1392 ysielnus
480 1317 614 1389 stepen.

191 1394 249 1453 §.3
266 1391 388 1459 omissis]
405 1393 533 1445 sensisses
551 1394 629 1443 Goth.
644 1396 678 1444 Α.
695 1392 777 1447 Vini.
789 1394 820 1444 ii.
837 1391 963 1444 ornuilm
982 1394 1069 1446 iiaem
1086 1396 1213 1447 comnis-

155 1461 196 1512 eis
220 1463 268 1512 Dr.
286 1464 315 1512 B.
340 1463 422 1518 Vino.
440 1463 470 1512 c.
496 1463 592 1513 nemete
619 1465 707 1514 vaso.
724 1465 765 1517 st.
789 1463 904 1523 ibreii.)
930 1463 1042 1519 ernusto
1065 1466 1137 1516 Auri.
1156 1467 1207 1517 iix.

154 1531 205 1580 (iu.
222 1533 250 1580 S.
267 1533 343 1583 belo.
359 1530 416 1582 AO.
433 1533 506 1582 flav.
526 1536 560 1582 Α.
578 1531 662 1581 Vinii.
681 1533 714 1581 ll.
732 1540 760 1582 et
782 1545 800 1584 a
818 1546 852 1583 ιιι.
873 1544 913 1595 pr.
932 1532 1013 1583 Vret.
1032 1533 1059 1583 ii.
1077 1533 1131 1590 luc.
1149 1548 1206 1586 sec.

152 1599 213 1649 Eib.
240 1603 303 1651 eli.
320 1603 364 1651 ab.
392 1601 441 1651 Gr.
459 1603 504 1652 ab.
531 1602 560 1650 Ρ.
579 1603 652 1651 blan.
680 1603 757 1651 Ture.
783 1600 856 1662 lips.
877 1601 917 1650 iu.
937 1603 985 1651 tir.
1006 1601 1078 1651 Dav.
1099 1602 1141 1655 cl.
1174 1605 1207 1655 iu

153 1669 362 1731 Oudendorpius
378 1670 511 1732 improbat
529 1674 691 1735 propterea,
712 1672 781 1734 quoi
800 1670 921 1736 Caesar,
940 1670 965 1720 si
980 1669 1021 1720 ita
1038 1671 1207 1740 scripsisset,

151 1738 221 1787 nihil
245 1739 387 1802 singulare
413 1742 582 1790 adnotasset.
624 1739 675 1791 cui
693 1740 786 1801 reponi
805 1743 894 1800 potest
917 1747 968 1797 aut
983 1739 1049 1791 ninii
1069 1743 1138 1793 banc
1155 1756 1207 1806 pu-

151 1817 234 1871 gnam
252 1807 392 1872 singulare
410 1809 553 1872 babuisse,
572 1818 621 1859 aut
638 1811 708 1871 quoi
725 1811 852 1872 baberet,
870 1808 896 1858 id
913 1822 966 1860 non
984 1812 1050 1874 boc,
1071 1812 1120 1861 seu
1137 1814 1207 1875 quoi

152 1876 292 1943 sequitur,
315 1878 384 1937 uuotl
402 1878 437 1927 ad
454 1878 603 1939 equitatum
620 1877 753 1942 pertinet,
772 1878 875 1943 inisse,
895 1883 1040 1941 praeterea
1056 1878 1207 1933 mirandum

152 1957 233 2010 esse,
253 1945 278 1995 si
293 1945 409 1996 Romani
424 1945 451 1994 in
470 1947 567 1996 Gallos
586 1947 697 1997 deloco
716 1947 853 2007 superiore
870 1947 898 1996 iu
914 1960 947 1997 se
963 1947 1134 1999 incurrentes
1151 1951 1208 2013 pila

152 2025 205 2065 non
229 2013 377 2065 emiserint.
419 2015 489 2064 Nam
512 2017 582 2077 quoti
599 2015 733 2066 sambuco
757 2016 785 2065 iu
802 2016 831 2066 in
848 2017 909 2066 ioco
925 2020 1043 2079 angusto
1059 2019 1205 2070 ebsuruum

133 2083 315 2148 =sitiebatur,
333 2085 402 2133 aueo
419 2085 650 2146 augustumbunc
668 2084 757 2134 luisse
773 2096 825 2133 uec
841 2084 946 2148 relique
962 2085 1038 2134 credi
1055 2087 1206 2154 potiuntur,

152 2164 206 2202 neo
222 2152 299 2202 credi
316 2153 352 2201 ab
369 2164 402 2202 eo
419 2153 551 2216 debebat,
576 2152 622 2215 qui
640 2152 754 2204 omissis
775 2153 921 2219 probaret,
946 2155 1016 2217 quoti
1033 2152 1121 2215 ipsum
1139 2169 1206 2207 sue-

153 2222 214 2285 det,
234 2226 264 2271 ut
282 2221 339 2283 pile
356 2220 439 2271 etium
456 2232 510 2271 nou
525 2221 628 2285 omitti,
651 2225 700 2271 seii
717 2222 804 2272 emitti
823 2223 944 2284 potuisse
961 2231 1093 2282 putemus.
1129 2226 1207 2285 Quoi

150 2296 242 2340 autem
261 2291 416 2353 Herzogius
441 2291 550 2343 emissis
577 2291 639 2343 ideo
655 2290 731 2341 nibiii
749 2290 834 2353 iacit,
861 2293 932 2355 quoi
949 2290 1053 2342 caesar
1075 2293 1207 2363 inteproo

151 2359 308 2422 minxerit,
332 2362 477 2410 obscurum
495 2369 554 2426 est,
576 2373 631 2424 pua
647 2359 677 2410 vi
694 2361 845 2424 praeditum
865 2359 892 2410 iu
909 2359 1126 2426 existimaverit,
1151 2362 1207 2415 nisi

149 2428 222 2478 torte
243 2441 304 2479 curu
320 2429 434 2479 Sincere
452 2431 589 2481 emittere
607 2431 632 2478 b.
651 2432 670 2479 l.
690 2430 760 2478 idern
778 2438 841 2477 esse
859 2430 981 2491 putavit,
1009 2433 1078 2491 quon
1096 2444 1146 2482 uos
1163 2432 1207 2485 ii-

150 2497 237 2547 cimue
253 2496 408 2564 uttfmititu.
443 2498 546 2550 iiorum
559 2498 644 2562 igitur
661 2497 728 2547 nibil
741 2486 866 2558 impedit,
884 2498 1025 2561 quominus
1039 2511 1099 2551 cum
1114 2502 1206 2553 Daeb-

151 2565 197 2615 nio
224 2569 252 2614 et
273 2567 441 2631 Elberiingio
465 2568 575 2619 emutio
597 2570 748 2617 teneamus.
783 2561 898 2627 impetiit
915 2579 984 2618 vero
999 2570 1068 2629 quoi
1086 2572 1205 2625 additum

149 2642 194 2683 est
210 2635 315 2701 pluuiis
331 2647 395 2685 reru
411 2640 537 2704 perant,
554 2638 624 2700 quod
642 2635 705 2697 pilis
723 2648 771 2686 eos
792 2636 826 2685 etl
844 2647 902 2685 rem
918 2638 1064 2700 gerentiam
1078 2650 1207 2692 nonense

149 2717 216 2754 usos
233 2702 378 2766 siguificat.
412 2705 465 2764 Qui
482 2706 508 2754 si
530 2709 624 2756 esseut
647 2704 708 2767 uel,
730 2703 840 2754 emissis
865 2704 902 2752 ils
923 2705 1034 2772 pionius
1056 2704 1207 2777 sirispere

150 2775 196 2823 vei
220 2774 259 2824 oti
284 2772 395 2838 piadioe
419 2772 520 2825 redire
544 2775 715 2837 dicerentur,
740 2782 770 2822 ut
787 2771 849 2825 civ.
867 2777 900 2836 3,
917 2777 953 2824 93
970 2774 1031 2833 §.l
1057 2775 1086 2826 in
1104 2779 1207 2839 proelio

148 2841 312 2894 Pharsalico
329 2840 489 2893 caesariani
505 2842 566 2908 pila
584 2843 727 2893 miseruut
744 2842 936 2906 celeriterque
948 2842 1059 2908 placius
1071 2846 1208 2900 strinxe-

140 2914 241 2980 runt,
262 2908 288 2977 ς.
309 2912 326 2959 2
344 2910 500 2975 Pompeiani
522 2912 589 2974 pilis
608 2912 702 2962 missis
720 2910 759 2961 od
777 2911 890 2977 pluuium
908 2911 1072 2963 redierunt.
1109 2915 1206 2982 ltaque

150 2984 229 3032 recte
247 2981 314 3033 oud.
334 2981 444 3031 oromate
461 2982 590 3042 praetulit
607 2983 724 3044 apteque
742 2979 910 3043 comparavit
926 2980 1029 3032 smuse.
1046 2979 1108 3034 cot.
1124 2985 1169 3051 60,
1187 2989 1205 3037 2

147 3052 209 3118 pilo
226 3051 383 3111 orttitunir
395 3050 501 3118 plausu
517 3062 568 3103 res
583 3049 711 3119 peritur.
1134 3050 1138 3058 '

113 3223 240 3288 linquere
258 3223 317 3274 ‘non
342 3223 428 3274 solet·
458 3220 503 3276 cl.
529 3220 591 3274 civ.
610 3223 637 3287 o,
680 3228 710 3273 et
723 3217 846 3284 proxima
859 3218 896 3270 ils
907 3222 1025 3272 castella
1037 3223 1205 3290 relerentur,

113 3293 149 3346 eb
172 3292 200 3353 s.
217 3292 249 3344 i:
276 3292 402 3356 Onetor,
428 3303 494 3343 mem
513 3302 580 3343 tuoe
598 3304 639 3343 etc
681 3302 794 3352 unorum
816 3289 923 3341 neutris
944 3291 1014 3343 setis
1030 3293 1205 3345 conveniunt.

114 3363 241 3414 ememus
258 3363 391 3426 partitae
414 3358 571 3414 onlnem
593 3361 639 3413 ui-
680 3360 749 3411 cum
761 3348 972 3423 Vercingetorix
985 3363 1131 3412 secundum
1146 3360 1206 3423 §.ie

114 3434 218 3496 aeret,
237 3433 370 3494 recipere
388 3431 517 3484 retorsit
534 3433 564 3483 et
577 3435 639 3482 loco
681 3436 743 3491 post
772 3430 885 3480 caedem
914 3432 1020 3480 demum
1052 3437 1081 3480 et
1109 3431 1212 3495 lugani

114 3503 264 3554 secedere.
290 3502 370 3552 iirat
389 3515 443 3564 per
459 3503 568 3552 decline
587 3512 639 3551 re·
680 3510 790 3548 suumn
804 3498 898 3559 copias
915 3511 934 3549 a
947 3498 1140 3550 munitionibus
1155 3513 1205 3551 re-

113 3573 223 3636 ceptus.
259 3570 299 3619 ib.
320 3569 638 3636 51‚o:1lameutni-
681 3566 806 3632 unxerit,
826 3568 860 3615 tle
876 3567 1065 3618 veliocircun
1079 3568 1204 3631 oppinum

115 3654 171 3708 quo
199 3640 352 3705 procreem·
381 3641 443 3689 ioco
472 3641 503 3689 iu
528 3652 638 3691 mmmo
681 3639 762 3687 ducto
794 3643 823 3686 et
846 3637 881 3685 de
906 3636 1038 3688 Romanis
1068 3637 1097 3689 iu
1127 3641 1205 3691 valio

113 3711 327 3762 constiterunt.-
346 3709 373 3758 si
385 3720 439 3772 per
452 3710 559 3762 necnee
575 3721 638 3761 sese
680 3705 820 3766 uispositls
835 3706 922 3768 deque
935 3705 1027 3756 Gallis
1043 3707 1205 3760 munitiones

112 3780 291 3844 reciperent,
305 3781 423 3829 nostros
438 3790 476 3829 eto
486 3780 639 3843 superiore
679 3776 827 3826 interiores
864 3777 951 3827 denuo
984 3776 1205 3840 aggredientibus

113 3852 299 3913 insequentes
317 3850 380 3899 loco
396 3849 582 3900 verebuntur.
609 3847 637 3898 in
680 3857 830 3897 sermonem
843 3856 907 3894 esse
922 3847 1134 3898 cousentaneum
1152 3850 1205 3897 est.

112 3921 213 3985 quibus
243 3930 353 3968 summo
382 3917 501 3969 eiusdem
527 3917 638 3982 generis
679 3917 778 3967 Parum
792 3918 920 3965 accurato
934 3915 1067 3978 berlingb.
1081 3916 1205 3969 tcum

113 3997 159 4040 est
176 4000 211 4039 ac
229 3987 345 4039 deebue.
679 3986 741 4036 cris
758 3983 895 4036 sleleveoe
911 3985 948 4035 rie
965 3985 1031 4035 tous
1048 3980 1141 4052 cites,
1161 3987 1205 4037 ie-

166 4059 191 4119 s.
212 4061 228 4106 2
252 4071 287 4106 ex
309 4058 386 4105 valio
408 4057 490 4116 atque
514 4054 636 4104 omuibus
678 4053 741 4118 plue
762 4066 828 4103 vero
845 4053 974 4104 Sincerus
999 4053 1083 4107 vertit
1105 4054 1151 4123 pub
1174 4060 1202 4111 et

111 4127 319 4186 munitionibus]
338 4128 412 4176 tinec
425 4124 636 4175 vorboabiici-
677 4136 726 4179 tou
750 4123 843 4180 &stilti
873 4125 916 4178 itt
940 4123 1025 4180 {built
1060 4127 1111 4180 tub
1142 4127 1203 4181 uiiet

110 4197 157 4250 llio
182 4197 217 4249 ui
241 4204 337 4249 costra
357 4194 466 4248 nutmtil
483 4202 511 4245 ee
528 4192 636 4246 caninii
679 4193 813 4261 &manem
832 4193 869 4249 tin
886 4194 967 4246 liobe
