2700 4726
437 305 542 378 LiB.
565 306 646 378 vii.
692 304 813 380 GAP.
834 310 879 382 28
1134 312 1201 383 sit

111 493 322 565 tennioribus
347 496 514 562 cuneatim
536 495 762 563 constiterunt
782 497 844 563 boo
867 494 990 577 animo,
1007 502 1058 577 ut,
1081 495 1112 563 si
1132 518 1200 586 qua

111 606 154 652 ex
176 592 274 672 parte
297 582 429 689 obviam
453 591 570 692 eontra
585 584 783 690 sepiamur,
812 582 884 650 aois
906 586 1072 651 instrueta
1087 583 1201 692 ‘depu-

110 678 272 828 illlis
295 668 563 845 „llilimlii
582 669 1244 842 illililli{indiffinite²

111 847 250 916 omuino
277 867 356 934 spes
387 848 489 931 iugao
515 847 716 927 tolleretur,
751 844 892 912 abiectis
928 846 1032 913 armis
1060 849 1200 919 ultimas

111 935 233 1025 oppidi
257 940 372 1021 partes
390 935 574 1000 continenti
595 937 723 1022 impetu
744 933 948 1018 petiverunt,
966 956 1116 1023 parsque
1138 937 1200 1020 ibi,

111 1030 187 1090 eum
212 1026 357 1106 angusto
380 1023 471 1088 exitu
491 1028 664 1113 portarum
688 1021 814 1109 seipsi
834 1028 1043 1106 premerent,
1067 1045 1087 1089 a
1109 1024 1198 1092 mili·
1220 1031 1244 1096 8

112 1112 224 1190 tibus,
260 1129 340 1196 pars
370 1109 437 1175 iam
464 1132 601 1196 egressa
628 1110 737 1198 portis
760 1107 802 1172 ab
825 1109 997 1196 equitibus
1017 1117 1073 1177 est
1091 1109 1199 1179 intor-

110 1200 215 1278 teoto,
238 1218 300 1264 oso
321 1195 390 1265 fuit
409 1199 607 1286 quisquam,
630 1197 689 1283 qui
710 1193 855 1287 praedae
875 1196 1040 1266 studeret.
1082 1194 1141 1265 sie
1162 1205 1199 1267 st
1221 1200 1244 1272 t

112 1285 248 1356 Gonabi
276 1284 378 1353 oaede
408 1295 444 1351 et
467 1287 584 1352 labore
613 1285 726 1373 operis
748 1283 879 1351 inritati
898 1306 965 1351 non
987 1290 1100 1352 astate
1122 1308 1200 1355 ooo-

181 1475 253 1541 cap.
271 1474 313 1526 ²8.
338 1471 365 1534 S.
385 1478 399 1526 1
419 1483 516 1526 eontra
533 1473 689 1538 veniretur]
718 1476 928 1528 conveniretur
945 1475 1027 1527 vind.
1046 1475 1078 1527 c.
1094 1476 1202 1532 nonno

145 1547 286 1601 venirent
301 1544 388 1595 Voss.
407 1545 459 1594 Bc.
477 1545 631 1597 veniretur
650 1547 686 1597 V.
704 1545 735 1599 c.
752 1547 816 1596 Urs.
834 1548 897 1598 Not.
918 1547 974 1613 „et
992 1544 1032 1596 lte
1048 1544 1200 1598 baernos“

145 1620 212 1670 Ure.
231 1617 297 1667 not.
317 1612 469 1680 „Faernus
491 1615 601 1667 delebat
624 1613 754 1667 eontru“
781 1616 823 1666 id.
849 1617 908 1665 Eoi.
936 1616 1199 1670 contraveniretur

144 1687 208 1745 edd.
235 1692 301 1738 ante
324 1683 356 1732 P.
382 1685 458 1735 Man.
482 1684 563 1736 Turn.
588 1685 657 1736 oud.
684 1697 753 1746 quae
777 1683 917 1748 scriptura
939 1686 965 1734 b.
985 1686 1006 1735 i.
1034 1697 1085 1736 uon
1109 1685 1201 1751 mogh

164 1750 298 1807 robabiils
326 1758 386 1816 est,
416 1763 496 1815 quam
519 1754 590 1817 apud
606 1752 782 1819 ciceronem,
813 1754 892 1805 euius
915 1752 992 1804 looos
1009 1754 1151 1805 Gesnerus
1168 1755 1200 1807 ln

143 1771 231 1891 ibes,
248 1820 391 1887 indicavit,
408 1833 519 1885 quorum
539 1835 618 1872 unum
637 1823 732 1881 (unse.
747 1822 773 1885 1,
792 1835 816 1872 e.
834 1826 879 1875 23.
896 1821 924 1882 S.
937 1821 997 1882 55.)
1014 1823 1200 1886 diandorpins

144 1908 210 1945 cum
229 1894 279 1942 boe
293 1893 478 1956 comparabat,
494 1890 704 1943 contravenire
719 1890 789 1940 idem
807 1901 870 1940 esse
889 1891 989 1940 doeens
1002 1896 1085 1954 atque
1100 1903 1200 1945 oecur-

144 1976 213 2015 rere
243 1962 273 2010 et
294 1959 449 2011 adversari.
492 1961 550 2010 iam
575 1962 608 2010 de
634 1959 766 2011 cicerone
796 1960 893 2009 dudum
911 1959 989 2010 nulia
1006 1961 1136 2013 dubitatio
1155 1964 1201 2014 est

144 2030 214 2099 quin
231 2032 285 2080 duo
303 2028 387 2078 verba
403 2040 467 2077 esse
485 2027 633 2098 statuerit3¹
649 2028 849 2090 (inenervem,
868 2027 893 2076 si
911 2041 992 2079 onum
1011 2041 1075 2079 esse
1092 2031 1200 2082 voluis·

144 2104 192 2152 set
209 2099 271 2149 sive
290 2109 436 2149 occurrere
452 2092 709 2164 (carpentanorum)
723 2094 881 2159 significans
899 2097 961 2146 sive
975 2097 1120 2149 adversari
1134 2096 1203 2166 (enta

145 2163 319 2241 gegentttttu)
337 2165 448 2217 niumm
466 2166 626 2217 adverbium
644 2177 812 2228 praeponere
830 2164 1051 2230 riou-potuisset,
1070 2168 1135 2230 quin
1155 2180 1203 2220 aut

147 2243 192 2292 bis
210 2238 282 2287 idem
299 2235 418 2297 diceret,
449 2238 498 2285 eut
519 2235 598 2286 verbi
620 2234 678 2286 vim
703 2234 875 2297 infringeret.
919 2235 953 2284 ut
976 2235 1085 2285 luerunt
1103 2236 1202 2300 quibus

147 2306 262 2361 obolum
288 2306 427 2355 delendum
454 2304 603 2359 videretur.
643 2305 748 2356 Verum
765 2303 884 2366 simplici
903 2303 989 2354 verbo
1006 2306 1110 2358 venire
1126 2309 1203 2359 reete

146 2381 203 2431 duo
228 2374 305 2437 iungi
320 2374 448 2438 poterant
470 2372 617 2438 adverbio,
649 2384 761 2436 quorum
777 2384 860 2423 onum
876 2373 964 2423 iocum
983 2386 1063 2434 quem
1079 2383 1205 2437 peterent

148 2444 315 2506 repudies,
343 2443 461 2493 aiterum
479 2440 596 2493 animum
614 2453 707 2493 eorum
724 2442 848 2493 hostilem
868 2441 1040 2508 designarem
1070 2447 1098 2493 et
1113 2443 1203 2496 simile

147 2514 216 2580 quid
234 2515 336 2564 tactum
352 2509 470 2561 vidimus
488 2514 521 2574 1,
545 2515 578 2560 31
597 2510 623 2577 p.
641 2513 667 2575 1,
683 2511 730 2562 ubi
745 2512 819 2577 idem
834 2509 931 2561 Ursini
946 2509 1018 2561 iiber
1035 2524 1095 2563 oum
1115 2514 1203 2577 piuri-

147 2587 203 2636 bus
227 2583 260 2633 in
282 2580 396 2630 orontio
421 2580 480 2640 post
500 2582 615 2632 semeio
632 2580 739 2645 omittit.
772 2579 900 2630 celerum
918 2579 1115 2637 recentioribus
1132 2595 1203 2647 qno-

148 2665 205 2720 que
225 2654 279 2702 duo
304 2650 355 2699 iiie
379 2647 442 2699 visa
463 2659 526 2697 esse
550 2650 637 2700 verba
654 2647 836 2710 Quintilianus
857 2649 938 2699 tidem
954 2648 1023 2700 iecit
1040 2652 1068 2718 ti,
1085 2655 1103 2702 3
1121 2653 1149 2715 s.
1166 2650 1202 2705 95

148 2719 272 2776 veniret
294 2719 400 2768 eontra
418 2727 529 2778 ponens.
563 2715 695 2768 Caesaris
713 2715 944 2769 iooumliandius
960 2717 1052 2783 attigit
1070 2715 1154 2773 Ture.
1172 2724 1203 2788 2,

148 2790 206 2843 ms
224 2791 284 2839 sine
301 2787 405 2837 ratione
422 2789 529 2837 contra
547 2786 698 2836 delentibus
716 2799 858 2838 assensus.

185 2858 216 2920 8.
233 2862 250 2908 2
267 2856 438 2920 petiverunt]
456 2857 606 2918 petierunt
622 2856 720 2905 iiamb.
756 2855 799 2911 cl.
824 2856 887 2905 adn.
906 2867 946 2906 or.
963 2856 1000 2907 ed
1017 2854 1045 2922 4,
1061 2858 1098 2909 27
1115 2854 1142 2916 S·
1157 2854 1186 2912 4.

186 2931 215 2991 s.
231 2931 249 2978 3
273 2925 348 2974 exitu
364 2921 514 2989 portarum]
543 2937 572 2989 p.
591 2936 614 2977 e.
633 2924 709 2974 Leld.
726 2925 761 2974 A.
781 2924 849 2975 ond.
868 2924 902 2975 de
919 2936 971 2987 quo
988 2925 1058 2976 idem
1076 2925 1205 2978 iudican-

149 2999 226 3062 dum,
244 2996 313 3058 quod
330 2995 362 3042 de
376 2992 630 3057 praetermorem
645 3003 734 3044 onera
749 2990 777 3061 i,
796 2990 831 3043 24
843 2991 911 3053 spi.
947 2994 1048 3046 Portae
1059 3007 1130 3047 nuno
1145 2993 1204 3059 pri-

148 3078 225 3120 mum
242 3070 466 3114 commemoratae
484 3064 567 3125 paulo
584 3062 763 3114 illustriorem
779 3061 832 3112 sibi
849 3064 939 3114 iooum
952 3065 1100 3126 postulent.

188 3134 218 3198 §.
235 3131 254 3184 4
270 3133 316 3182 Sto
333 3133 373 3193 ot]
391 3131 443 3180 sed
461 3133 490 3182 et
508 3132 585 3195 Egon
602 3131 653 3181 sed
671 3131 747 3181 Leid.
765 3133 801 3183 Δ.
828 3130 833 3141 “
1147 3184 1151 3190 ,

189 3201 312 3260 Genabi]
330 3199 471 3251 caenoben
490 3201 572 3250 vind.
585 3203 618 3250 A.
636 3198 795 3251 Genobensi
809 3200 880 3250 And.
898 3200 950 3253 01.
967 3197 1017 3252 cu.
1034 3200 1063 3249 s.
1080 3197 1156 3249 Leid.
1172 3193 1205 3250 A.

148 3273 226 3325 lisv.
240 3272 276 3321 A.
295 3271 358 3335 aid„
374 3283 432 3333 sqq.
470 3268 502 3319 ld
519 3270 677 3330 reprehendi
695 3282 748 3319 non
765 3270 864 3332 potest.
900 3268 944 3320 (it.
962 3283 987 3321 o.
1003 3267 1039 3319 47
1054 3267 1082 3328 S.
1095 3269 1115 3320 7
1127 3266 1206 3319 Aoo·

149 3339 312 3394 mensibus
326 3336 465 3402 praemiis
484 3345 512 3387 et
529 3336 626 3400 cini,
643 3341 677 3388 32
696 3336 723 3397 S.
742 3337 775 3389 13
793 3334 999 3404 Corfiniensem
1013 3335 1206 3404 ipnomiotom.

154 3424 191 3461 ex
209 3421 295 3472 eoque
311 3418 414 3457 temere
432 3408 574 3459 decurtato
593 3407 707 3468 primum
724 3406 761 3471 id,
778 3409 849 3471 qnod
864 3408 947 3458 Viud.
963 3412 1010 3471 A„
1028 3405 1124 3457 deiude
1136 3406 1208 3470 quod

148 3478 251 3542 reliqui
277 3476 395 3540 babens,
428 3474 552 3540 Gonnoi,
582 3476 644 3526 fieri
667 3475 762 3538 potuit.
797 3477 851 3526 Sed
871 3477 921 3527 boo
941 3487 1047 3540 quoque
1067 3475 1207 3536 probabile

149 3561 216 3599 esse
233 3547 262 3595 et
280 3543 387 3595 Genabi
405 3545 506 3596 coedes
523 3545 563 3597 lta
581 3546 680 3595 dictum
704 3543 808 3609 videri,
840 3547 871 3595 ut
888 3552 1010 3595 nostrum
1027 3544 1073 3599 tot
1090 3542 1206 3600 mineat

153 3629 205 3674 pop
222 3613 370 3680 nepotum,
389 3624 456 3665 vere
472 3615 574 3666 monuit
590 3614 770 3678 Nipperdelns
786 3615 972 3678 exemplisque
988 3614 1122 3678 probavit,
1139 3625 1207 3677 quo·

114 3780 347 3851 (remitterent)
372 3785 507 3835 commate
534 3782 644 3849 selegi
685 3784 824 3836 monstrat
844 3781 961 3834 miiitum
984 3782 1118 3848 proximis
1137 3797 1207 3837 ver-

114 3857 209 3922 debet,
228 3855 273 3906 oui
289 3855 369 3904 iocus
386 3862 429 3903 est
445 3854 475 3903 in
490 3855 572 3904 rebus
589 3864 642 3916 pe·
685 3854 729 3904 bie
748 3853 949 3919 significatum,
967 3866 1022 3905 uon
1039 3855 1162 3918 praedae
1180 3858 1210 3908 et

102 3926 189 3981 ,riter
205 3921 406 3985 accidentibus,
425 3922 504 3972 velut
517 3935 602 3985 sopra
616 3936 641 3974 o.
685 3925 868 3988 captivorum,
885 3925 936 3973 sed
948 3924 1088 3976 vindictae
1100 3928 1129 3974 et
1141 3936 1209 3976 cae·

116 3998 152 4047 23
168 3993 198 4056 S.
217 3996 250 4045 1:
270 3992 368 4046 trabea
383 3991 523 4060 directae,
537 4003 643 4058 perpe·
685 3992 727 4042 dis
743 3992 879 4055 cupidum.
910 3993 951 4043 lie
965 3994 1208 4046 denabensiiael-
1317 4028 1321 4041 a

116 4066 185 4117 tuae
206 4064 261 4115 eto.
684 4073 754 4112 nore
780 4075 808 4110 v.
830 4075 855 4113 o.
874 4065 892 4114 3
909 4061 935 4124 S.
955 4066 970 4114 i
989 4067 1019 4114 et
1034 4077 1059 4114 o.
1079 4067 1114 4119 17
1132 4066 1160 4127 S.
1179 4064 1207 4129 7,

168 4128 236 4196 §.l
264 4130 313 4182 Sin
337 4132 366 4181 et
385 4129 492 4183 (lebabi
515 4130 643 4182 eaede-
684 4130 726 4185 lie
744 4132 830 4185 verbo
847 4132 885 4186 oi.
906 4133 970 4188 edo.
986 4134 1023 4186 ad
1039 4133 1067 4201 t,
1082 4132 1101 4186 4
1119 4131 1145 4195 s.
1162 4137 1190 4186 3.

116 4198 241 4265 udan]
265 4199 437 4257 adverbium
454 4199 575 4257 salmom
591 4200 641 4255 de·
