2700 4726
196 271 264 340 472
457 267 530 337 DE
558 266 738 337 BELLO
766 267 1022 342 subulco

199 458 317 546 Longo
351 456 494 524 circuitu
529 457 664 525 easdem
702 480 817 524 omnes
839 459 946 538 ‚iubet
974 462 1092 546 petere
1122 455 1293 542 regiones.

157 546 185 612 t
201 547 295 615 Haec
317 548 437 636 procul
457 569 497 612 ex
519 546 644 637 oppido
666 545 897 629 videbantur„
919 552 1056 612 uteret
1079 567 1100 610 a
1121 544 1295 632 Gergouia

200 633 382 723 despectus
404 634 440 698 in
460 642 586 714 eastra,
608 655 716 720 neque
738 643 835 700 tanto
850 636 962 724 spatio
984 635 1070 703 certi
1085 632 1170 719 quid
1190 644 1296 712 esset,

159 715 372 813 iexplorari
401 728 547 809 poterat.
598 721 779 808 Legionem
808 745 906 789 unam
937 720 1056 787 eodem
1080 722 1162 806 ingo
1184 723 1296 787 mittit

202 819 239 877 st
268 810 404 900 paulum
434 830 650 897 progressam
679 809 840 877 inforiore
871 810 1052 877 constitnit
1079 809 1156 875 loco
1180 809 1298 875 silvis·

159 895 269 987 tique
296 897 459 983 oequltat.
508 896 670 982 Augetur
699 897 811 965 Gallis
841 898 1011 987 suspicio,
1046 904 1150 984 atque
1181 918 1298 963 omnes

158 982 265 1054 tillo
294 978 339 1052 ati
366 985 583 1053 munitionem
612 983 730 1074 copiae
754 985 991 1054 traducuntur.
1034 982 1156 1053 Vacua
1181 993 1299 1053 castra

275 1163 382 1224 omnes]
401 1173 452 1214 om.
470 1161 543 1214 (lou.
560 1158 640 1213 Vrat.
657 1162 692 1213 A.

269 1231 334 1294 §.4
353 1230 505 1299 Gergovia]
526 1230 569 1282 ci.
586 1232 649 1282 adu.
667 1243 706 1281 cr.
725 1229 762 1281 ati
778 1241 803 1283 c.
819 1226 840 1281 4
856 1229 885 1294 S.
902 1233 929 1284 2.

270 1303 300 1365 s.
317 1302 333 1354 5
352 1302 461 1359 euclem]
480 1301 579 1352 eudem
597 1302 645 1352 Dr.
665 1301 695 1352 ll.
712 1312 772 1350 ano
789 1301 869 1352 Vrat.
887 1303 923 1351 A.
940 1314 947 1325 ·

270 1373 395 1436 paulum]
420 1373 508 1434 paulo
533 1371 615 1430 Bong.
630 1371 664 1420 A.
686 1369 764 1420 heiti.
782 1371 815 1419 A.
835 1371 912 1434 Egm.
931 1368 1012 1421 Vrut.
1029 1366 1087 1422 Ac.
1104 1367 1175 1422 (iuti.
1191 1369 1301 1434 ραιιῑιι·

236 1438 298 1493 lum
315 1441 397 1493 vinu.
418 1438 452 1490 A.
487 1439 562 1489 Vere
580 1439 650 1491 0utl.
663 1437 789 1490 adverbii
806 1439 921 1490 formam
937 1438 972 1488 ab
989 1439 1050 1503 ipsc
1069 1452 1105 1488 ex
1123 1439 1313 1505 veterrimis„
1345 1479 1347 1482 Α

237 1510 269 1558 nt
288 1510 344 1578 ait,
368 1508 508 1560 codicibus
524 1511 665 1570 receptam
688 1506 842 1560 accusare
859 1507 1022 1572 optimisque
1039 1508 1224 1571 scriptoribus
1242 1521 1300 1560 non

236 1578 342 1631 mutum
358 1577 554 1640 comparativis
571 1576 682 1642 adiungi
700 1577 797 1641 docet,
815 1579 865 1627 scil
884 1577 911 1628 ln
930 1577 1093 1628 dictionibus
1112 1579 1180 1642 post
1196 1580 1300 1645 paulu,

235 1650 323 1713 puolo
338 1647 440 1714 infra,
455 1648 543 1711 pauiu
560 1657 669 1711 supra,
687 1657 756 1709 quas
773 1648 981 1711 commemorat,
1001 1655 1092 1697 tamen
1109 1647 1300 1708 comparutio-

235 1728 298 1768 nem
322 1716 415 1766 inesse
441 1728 503 1766 eum
525 1715 611 1778 iugit3
641 1724 711 1778 quae
737 1727 799 1765 cum
818 1729 853 1765 ne
871 1717 906 1767 ab
926 1715 984 1765 illis
1003 1716 1110 1780 quidem
1126 1714 1199 1767 iucls
1214 1716 1301 1782 absit,

236 1786 282 1849 qui
299 1786 395 1836 verbis
412 1784 567 1836 adiunctum
583 1785 682 1834 babent
699 1786 797 1850 naum,
817 1783 864 1847 qul
882 1785 1043 1847 paucissimi
1061 1786 1140 1851 sunt,
1159 1786 1211 1836 buu
1228 1797 1301 1838 veru

235 1856 298 1907 loco
322 1856 399 1906 nulla
423 1854 480 1922 sit,
506 1861 584 1905 recte
607 1855 636 1903 et
663 1855 786 1904 blandius
811 1855 891 1903 unes.
912 1852 949 1920 4,
980 1851 1032 1904 412
1051 1855 1101 1904 boc
1118 1854 1253 1906 abstinuit
1272 1861 1303 1905 et

236 1923 390 1986 winilos,
414 1921 781 1989 lliibnerns,1lippenlelus
806 1925 925 1987 numum
944 1922 1132 1976 restituerunt·
1168 1923 1214 1978 ct.
1236 1936 1301 1976 sar.

237 1995 302 2048 lect.
322 2006 346 2042 c.
364 1994 400 2047 79
437 2027 444 2042 .
463 1995 488 2044 2.
953 2048 956 2053 ,
1059 2016 1063 2022 -

272 2061 300 2124 ς.
318 2063 336 2111 6
353 1994 447 2114 omnis
466 2059 529 2128 illo]
544 2059 564 2110 i.
586 2072 611 2112 o.
628 2059 709 2113 Vrat.
730 2054 786 2111 BC.
805 2057 898 2111 omnis
915 2061 936 2114 i.
953 2060 1036 2121 Goth.
1049 2061 1080 2112 B.
1099 2073 1127 2113 c.
1139 2060 1189 2114 iile
1205 2061 1255 2112 Dr.
1270 2061 1304 2115 B.

238 2129 311 2182 Ven.
330 2132 372 2185 de.
392 2143 417 2181 o.
435 2131 501 2181 illos
519 2132 585 2181 ante
603 2141 675 2181 corr.
695 2130 792 2181 liamb.
810 2133 838 2179 et
854 2127 938 2182 Viud.
956 2129 986 2181 c.

273 2202 309 2252 atl
325 2198 514 2256 munitionem]
532 2194 600 2250 And.
619 2199 670 2251 ox.
689 2199 737 2249 cu.
751 2201 779 2249 Ι.
798 2201 855 2249 vet.
874 2200 933 2250 coi.
953 2198 1031 2249 lilon.
1050 2197 1156 2262 vossii,
1170 2197 1248 2251 beid.
1263 2192 1300 2249 A.

197 2280 200 2284 ·
238 2280 333 2333 margo
358 2270 417 2320 Pet.
439 2268 526 2321 couti.
549 2269 621 2319 lluv.
640 2266 672 2320 A.
699 2267 781 2326 ytou.
799 2263 832 2319 Α.
852 2270 912 2319 coi.
932 2269 1013 2321 intr.
1032 2278 1128 2333 margo
1147 2269 1199 2320 tir.
1215 2280 1243 2319 a.
1261 2267 1309 2320 os

156 2353 158 2359 ’
240 2350 293 2390 om.
312 2338 395 2388 Vini.
413 2339 447 2390 D.
465 2337 658 2401 suspitionem
675 2338 757 2394 vinu.
778 2337 809 2387 0.
829 2337 1023 2388 munitionum
1039 2338 1139 2401 reliqui
1157 2351 1220 2389 cum
1238 2339 1301 2388 edd.

243 2415 307 2459 unte
326 2408 394 2464 Onu.
431 2407 489 2456 Hoc
507 2405 532 2454 si
550 2406 578 2456 in
599 2405 723 2457 omnibns
741 2406 881 2456 codicibus
899 2408 1047 2472 legeretur,
1066 2407 1142 2458 credi
1160 2411 1302 2470 oporteret

246 2475 408 2539 scriptorem
426 2474 576 2533 non2illum
592 2475 700 2539 quitlem
717 2485 779 2526 cum
792 2474 923 2528 adverbio
937 2474 1089 2540 genitivum
1104 2476 1305 2545 construxisse,

258 2631 382 2681 easdem>
402 2641 498 2682 omnes
530 2628 606 2682 iubet
635 2629 732 2694 petere
775 2640 836 2678 cnm
860 2629 999 2696 legionem
1021 2642 1104 2682 unam
1122 2632 1304 2698 eodem-ingo

205 2699 350 2763 regiones]
382 2699 443 2751 iloc
467 2701 503 2750 ad
526 2700 599 2750 certi
620 2699 733 2750 consilii
775 2698 888 2750 missam
914 2703 998 2763 paulo
1017 2704 1081 2765 post
1098 2714 1234 2765 nusquam
1250 2715 1305 2764 ap-

203 2769 380 2832 impetusque
397 2770 425 2819 ln
442 2771 549 2820 certum
563 2776 670 2833 partem
686 2768 731 2818 ia·
774 2771 1029 2835 permulsissent,
1047 2771 1212 2839 augebatur,
1231 2782 1304 2836 quae

204 2838 297 2889 ciendi
323 2838 527 2890 simulationem
543 2838 733 2890 necessarium
775 2837 898 2891 existere
921 2852 976 2890 non
1000 2841 1155 2906 potuisset,
1186 2842 1212 2892 si
1237 2842 1305 2905 quid

205 2909 331 2960 omnibns
350 2910 378 2959 ct
398 2908 565 2959 mulionibus
582 2911 612 2959 ct
628 2907 732 2959 additis
774 2909 817 2958 rei
835 2909 1004 2973 essetillnd,
1023 2911 1095 2975 quod
1107 2913 1205 2974 procul
1222 2913 1303 2962 vide-

116 2976 118 2980 ‘
204 2978 345 3040 equitibus
362 2978 532 3044 imperabat,
549 2990 612 3027 cum
629 2977 731 3029 turmis
773 2979 872 3046 batur,
919 2981 1093 3042 exploratum
1128 2981 1304 3032 habuissent.

204 3048 328 3110 equitum
345 3049 451 3110 codem,
471 3048 519 3097 sed
539 3049 630 3098 media
647 3049 730 3098 noete
773 3049 849 3112 Ergo
874 3049 1013 3099 falluntur
1038 3050 1085 3112 qui
1108 3063 1201 3114 nsque
1227 3053 1254 3101 b.
1281 3053 1302 3103 l.

203 3118 299 3169 missis
335 3118 411 3169 aliutl
441 3117 560 3178 tempori
588 3116 730 3169 missionis
772 3117 960 3169 resiliremus
974 3119 1212 3185 iungereetitlem,
1228 3122 1304 3183 quod

202 3187 437 3245 accommodatum
446 3184 661 3248 imperavisset.
710 3230 713 3234 .
772 3200 865 3254 acque
884 3191 981 3240 tamea
999 3188 1160 3254 significare
1177 3193 1285 3251 putant.

256 3258 283 3320 s.
301 3254 319 3305 4
350 3259 381 3306 ut
405 3259 468 3306 erat
485 3268 503 3306 a
521 3256 663 3322 Gergovia
680 3257 731 3306 tla-
825 3257 890 3320 §.15
908 3259 1004 3309 eodem
1021 3260 1099 3323 iugo]
1120 3258 1223 3327 lupum
1240 3263 1265 3309 b.
1280 3261 1301 3311 l.

202 3330 316 3389 spectus
336 3325 365 3377 iu
384 3328 492 3386 cestra]
511 3324 554 3376 ci.
573 3328 636 3376 aun.
651 3326 688 3376 ad
702 3326 729 3391 5,
773 3329 805 3377 ut
822 3339 847 3377 c.
865 3325 902 3376 44
923 3328 952 3388 s.
968 3332 985 3377 3
1003 3331 1032 3378 et
1049 3331 1099 3395 36,
1118 3332 1136 3378 2
1155 3328 1300 3391 accipien-

202 3392 238 3447 43
263 3396 289 3458 8.
315 3395 340 3445 b.
382 3395 427 3446 Ex
452 3396 556 3445 cestris
575 3397 668 3445 autem
687 3395 731 3446 illi
774 3397 855 3462 dum,
891 3410 1044 3459 pronomen
1072 3401 1163 3449 autem
1187 3399 1224 3448 ad
1248 3411 1301 3451 cas

201 3464 347 3528 progressi
378 3467 467 3516 eraut.
511 3466 608 3528 ltaque
633 3465 730 3515 statim
772 3469 869 3529 partes
896 3469 1081 3532 regionesque
1112 3468 1302 3533 referentium,

201 3533 282 3586 initio
305 3547 357 3596 qno
379 3535 542 3600 tenderent,
573 3547 608 3584 ex
628 3535 728 3597 oppido
774 3547 845 3599 qnae
862 3538 942 3587 modo
961 3538 1134 3602 significatae
1149 3540 1230 3605 suut,
1248 3551 1303 3600 per

201 3603 729 3663 animadverterectomneltereorum
773 3616 843 3669 quas
874 3608 939 3656 vehi
973 3620 1098 3673 quasque
1129 3615 1227 3672 petere
1254 3607 1302 3659 illi

200 3673 291 3723 oculis
310 3673 441 3737 prosequi
459 3676 590 3737 poterant
605 3677 710 3724 hostes.
771 3676 952 3741 iubebantur,
977 3690 1047 3742 quae
1064 3690 1160 3728 omues
1175 3677 1302 3729 eiusdem

234 3754 323 3804 neque
333 3745 410 3794 tanto
422 3744 512 3805 spatio
522 3743 593 3794 certi
607 3743 728 3807 quiuss-
771 3744 830 3811 iugi
842 3749 938 3808 partes
951 3751 1040 3813 eraut,
1053 3748 1193 3799 ablativus
1206 3749 1303 3799 autem

200 3813 255 3875 set
266 3813 408 3875 explorari
417 3815 544 3876 poterat]
557 3813 728 3878 chsnitivo
771 3815 829 3882 itu,
847 3818 878 3866 ut
895 3818 926 3867 in
944 3817 1060 3869 collibus
1077 3817 1105 3879 s.
1124 3821 1141 3868 2
1158 3819 1302 3882 iuterpre-

200 3881 284 3930 etad
300 3885 326 3948 1,
341 3882 374 3930 21
389 3884 416 3945 s.
431 3883 616 3946 conscripta.
651 3883 729 3944 Quod
772 3887 874 3937 tardus
892 3889 953 3950 est,
977 3888 1006 3936 et
1024 3887 1152 3950 quoniam
1169 3888 1246 3953 legio
1263 3900 1301 3938 ex

200 3952 292 4000 autem
317 3955 432 4014 propter
452 3953 538 4015 spatii
558 3951 728 4018 magnitudi-
771 3956 875 4007 castris
904 3957 997 4021 iugum
1029 3959 1129 4020 petens
1158 3956 1188 4008 in
1210 3970 1301 4021 eoque

198 4030 263 4068 nem
281 4020 353 4070 uerti
371 4021 442 4072 nibil
459 4023 605 4093 explorari
623 4025 657 4075 ab
676 4026 728 4075 lm-
770 4024 846 4076 itura
869 4025 1033 4089 necessario
1053 4039 1209 4079 ascensura
1226 4030 1300 4091 erat,

199 4088 291 4140 stibus
316 4090 445 4158 poterat,
478 4093 506 4165 iol
524 4094 615 4157 ipsum
632 4092 728 4157 suspi-
772 4096 938 4147 Germanice
950 4096 1028 4149 dicas
1041 4096 1301 4165 ucetttelotciicqs

199 4159 309 4214 cionem
322 4158 527 4230 eisiuliciebat,
539 4163 728 4231 quaedelude,
771 4165 835 4224 icttc
855 4164 953 4237 bituri.
