2700 4726
426 302 528 373 LlB.
554 303 636 376 Vll.
679 302 801 375 cAP.
825 306 865 370 17
1120 304 1188 372 373

109 497 331 582 sumpserunt.
377 489 515 559 Summa
540 494 743 560 difficultate
762 494 812 558 rei
832 489 1072 557 frumentariae
1091 490 1185 559 adfe·
1209 495 1229 554 ὃ

110 593 157 647 ato
177 581 328 647 exercitu
349 580 516 646 tenuitate
535 582 708 662 Boiorum,
726 580 938 665 indiligentia
956 577 1187 660 Haeduorum,

110 669 266 735 incendiis
290 664 532 747 aedificiorum,
554 692 661 757 usque
683 690 732 749 eo,
755 675 794 732 ut
818 669 1009 754 complures
1025 667 1098 733 dies
1116 669 1188 734 iru-

111 765 213 824 uento
243 756 373 823 milites
404 754 578 824 oaruerint
607 765 643 823 et
674 777 796 845 pecore
824 776 864 822 ex
897 755 1188 845 longinquioribus

169 981 196 1043 s.
220 982 237 1033 3
261 980 385 1044 adiecto]
416 981 499 1036 Vini.
516 988 551 1035 A.
577 981 676 1047 (sang.
696 988 731 1036 A.
758 985 819 1036 Par.
837 982 887 1052 A.)
911 996 965 1039 non
982 983 1033 1052 aff.
1051 929 1191 1069 saraceni

140 1067 219 1127 Voss.
237 1069 272 1119 A.
289 1067 375 1121 nair.
393 1066 484 1134 affata
504 1069 600 1120 uana.
617 1069 751 1133 confecto
772 1070 848 1120 Laid.
868 1073 904 1120 A.

169 1138 309 1188 linimento
328 1135 443 1197 milites]
468 1134 604 1206 „multi“
621 1138 695 1189 Gott.
714 1139 796 1190 Voss.
815 1143 850 1189 A.
872 1141 949 1202 Egon.
969 1139 1051 1201 Baag.
1071 1140 1105 1190 A.
1123 1139 1190 1191 Par.

139 1207 172 1256 A.
193 1206 267 1256 ilar.
290 1206 325 1255 A.
351 1207 400 1257 Dr.
426 1209 459 1259 A.
486 1210 566 1258 Vrat.
584 1209 639 1257 AB.
664 1207 716 1257 tiu.
741 1219 795 1258 non
811 1221 848 1260 ra.
867 1209 890 1275 f.
912 1205 957 1270 qui
976 1209 1041 1258 ordo
1059 1209 1190 1270 vulgatus

139 1283 196 1341 esa,
228 1275 265 1325 ad
290 1288 385 1326 senum
411 1275 501 1326 minus
518 1284 623 1339 grecos.
659 1277 692 1327 lu
708 1277 795 1329 Vasa.
812 1279 843 1327 B.
862 1276 970 1327 auilites
987 1276 1131 1343 omissum,
1162 1278 1192 1328 iu

118 1343 233 1397 .iiamb.
252 1355 290 1395 m.
311 1345 457 1412 formenti
475 1347 671 1413 t-farmento
689 1347 771 1396 etiem
789 1346 817 1394 in
834 1347 906 1399 Med.
926 1342 969 1409 a.)
987 1347 1118 1411 scriptam
1138 1349 1191 1396 est.

140 1413 323 1533 ι1333333333]
353 1415 490 1465 cauerint
513 1416 561 1466 Dr.
586 1414 616 1465 li.
640 1419 805 1467 caruerant
822 1417 903 1467 viat.
922 1414 954 1464 B.
973 1415 1025 1466 tiu.
1051 1417 1192 1468 carerent

161 1482 212 1531 eid.
227 1483 263 1532 A.
916 1506 930 1526 κ

171 1549 212 1617 at]
236 1553 272 1602 at
289 1548 377 1601 Vina.
393 1550 424 1600 F.

170 1632 204 1669 ex
222 1617 470 1683 longinquioribus]
488 1618 585 1681 „MSS.
605 1618 639 1667 to
656 1625 684 1667 et
697 1619 764 1668 iidd.
782 1615 864 1682 qdd.“
879 1616 952 1669 Gott.
966 1615 1050 1669 Voss.
1065 1622 1098 1668 A.
1113 1621 1190 1679 Eam.

139 1687 227 1743 Febr.
241 1690 301 1741 Pet.
319 1690 402 1752 Bong.
420 1689 453 1740 0.
472 1688 530 1737 Ρ31.
548 1686 634 1738 Gaui.
652 1689 735 1752 Bong.
751 1691 784 1737 A.
802 1691 850 1738 Dr.
866 1690 923 1739 AB.
940 1689 1020 1739 vrso.
1037 1689 1090 1740 ΒΟ.
1109 1690 1191 1740 Goth.

140 1757 168 1805 in
187 1757 270 1807 Vini.
287 1752 358 1807 Bill.
377 1759 418 1807 st.
436 1759 485 1807 tir.
504 1757 528 1806 b.
543 1757 629 1807 Freli.
647 1760 677 1807 et
696 1760 716 1807 i.
729 1758 809 1808 Vrsa.
828 1759 861 1808 A.
880 1760 910 1808 et
926 1756 1081 1823 lanionibus
1097 1760 1192 1813 iiamb.

138 1829 216 1893 iona.
240 1827 313 1878 Veu.
338 1828 399 1875 ode.
425 1828 489 1876 Ber.
512 1838 529 1876 e
554 1826 632 1889 iana.
654 1825 727 1876 ilar.
752 1823 786 1877 A.
803 1826 885 1876 Vind.
904 1829 939 1876 A.
963 1827 1042 1884 (Par.
1061 1827 1112 1890 A.)
1130 1842 1193 1880 com

138 1895 251 1958 reliquis
271 1897 331 1945 edd.
366 1894 417 1945 lisa
434 1893 681 1959 ionyiaaaioriias
699 1894 760 1943 sine
778 1895 914 1945 varietate
929 1896 1031 1958 legitur
1043 1892 1071 1956 4,
1089 1898 1125 1950 ²7
1136 1897 1192 1959 §.6

139 1972 166 2013 ea
182 1963 245 2017 civ.
263 1965 291 2028 1,
309 1963 384 2025 298.
403 1968 432 2015 2.
466 1964 602 2015 coatrae
620 1964 682 2014 ioca
703 1963 778 2014 aas
797 1963 822 2022 §.
844 1967 860 2012 2
879 1965 1002 2024 eo26,3
1021 1966 1130 2016 codices
1148 1978 1194 2017 au-

138 2042 226 2085 entur.
270 2033 314 2085 ci.
333 2034 420 2082 iiand.
440 2033 519 2082 Ture.
539 2036 566 2097 2,
583 2031 647 2082 614.
681 2034 873 2082 Lacirmaunus
897 2033 1033 2082 tamenin
1052 2035 1192 2100 Lucretio,

79 2162 81 2175 Ι
137 2103 218 2153 auius
237 2099 338 2153 cerens
355 2103 383 2151 in
401 2101 472 2153 locis
489 2113 506 2153 e
522 2110 588 2153 aute
604 2101 616 2150 i
634 2102 751 2153 lrabeant
766 2104 853 2165 3133,
870 2103 897 2164 2,
917 2099 970 2153 458
983 2114 1018 2152 ex
1033 2102 1194 2156 coniectare

139 2172 231 2235 uomit
250 2183 268 2223 e
286 2170 405 2224 levitas.

156 2326 182 2388 s.
210 2329 228 2377 3
259 2326 371 2376 Summe.
395 2322 560 2377 difficultate
588 2321 632 2375 rei
673 2327 718 2374 est
736 2325 815 2377 orat.
832 2336 857 2375 c.
876 2326 911 2376 38
928 2324 953 2386 s.
976 2327 1043 2383 131)
1059 2327 1093 2378 de
1109 2324 1195 2378 inise-

111 2395 308 2446 trameutnriaa
345 2395 456 2446 adiecto
492 2391 632 2461 exercstu]
673 2395 782 2444 ratione
797 2397 885 2445 verba
897 2396 1060 2445 facientem:
1076 2410 1133 2461 aaa
1144 2411 1197 2448 nos

111 2466 151 2531 ci.
167 2467 233 2515 333.
259 2464 296 2514 33
314 2474 340 2514 o.
357 2468 376 2514 3
394 2461 420 2523 S.
439 2467 455 2513 2
475 2464 503 2513 et
521 2462 582 2514 civ.
604 2469 632 2525 3,
673 2463 716 2515 ita
733 2466 866 2515 dolenter
883 2465 928 2514 ati
942 2468 1075 2530 salernas,
1093 2470 1128 2517 at
1140 2482 1197 2529 aaa·

111 2531 144 2586 47
156 2532 181 2595 8.
197 2536 232 2584 δε
249 2532 443 2584 meminerant
455 2528 587 2599 (milites)
595 2533 633 2584 act
673 2547 758 2586 eram
769 2535 912 2600 infantem
925 2535 956 2585 ia
968 2535 1096 2587 acontias
1107 2550 1198 2599 ‚aero-

110 2605 231 2655 Atesiam
244 2615 378 2668 rataqaam
390 2602 635 2667 seinopiamper·
676 2607 779 2655 rantes
803 2602 997 2668 tenuerimus,
1027 2607 1063 2655 at
1086 2606 1145 2657 alia
1164 2606 1195 2656 in

109 2686 214 2739 pessos,
229 2673 321 2722 malta
339 2672 427 2723 ctiam
443 2671 635 2729 maioremad
677 2686 781 2724 caassa
801 2674 931 2723 eacitato
944 2684 994 2724 res
1006 2673 1112 2739 nobili,
1131 2675 1198 2725 sai-

110 2742 267 2795 Aaaricam
287 2740 485 2792 maaimaram
510 2754 542 2793 se
563 2753 635 2808 aeae-
675 2744 737 2794 tato
757 2742 844 2793 etiam
860 2740 919 2806 fitia
937 2754 1041 2808 parvo,
1058 2746 1201 2810 raianaare

111 2813 181 2864 tiam
194 2813 330 2873 ¹uictores
347 2810 520 2862 discessisse.
677 2815 708 2864 et
749 2811 957 2862 iaraeniatioae
991 2813 1200 2872 corripiaremas

159 2880 306 2932 caruerint
339 2881 368 2931 et
381 2906 417 2917 —
431 2878 633 2940 sustentarent]
678 2882 788 2949 forans.
810 2882 839 2931 et
857 2880 975 2942 Philipp.
996 2881 1021 2945 1,
1040 2880 1072 2931 15
1089 2879 1132 2946 (s.
1150 2879 1200 2943 33)

110 2951 185 3002 ilaec
210 2948 346 3010 temporis
369 2948 485 3001 mutatio
505 2949 559 2999 etsi
579 2949 635 2997 aii·
676 2962 756 3013 quem
769 2950 858 2999 locum
872 2949 1054 3012 Nipperdeius
1067 2953 1201 3020 adhibuit,

111 3022 213 3085 quanto
233 3020 345 3082 rarior,
378 3022 471 3070 tamen
489 3016 636 3068 offensioni
677 3020 711 3069 de
729 3020 832 3070 Bruto:
855 3020 904 3083 qai
921 3020 997 3069 iadis
1013 3022 1073 3072 3333
1089 3022 1133 3072 ita
1150 3035 1201 3072 ca-

110 3102 163 3140 uon
185 3088 289 3140 maiori
312 3088 374 3154 est,
406 3099 488 3151 quam
514 3086 635 3151 quaein
676 3087 759 3152 rati,
790 3091 825 3140 at
848 3089 880 3139 ia
903 3087 953 3138 ilio
975 3091 1200 3153 apparatissimo

110 3158 263 3210 indicativo
281 3157 313 3207 tit
331 3154 365 3221 4,
396 3159 431 3207 23
448 3157 476 3219 s.
494 3159 528 3224 3,
555 3168 648 3218 quem,
677 3160 840 3221 spectacula
856 3158 985 3208 stadium
1000 3162 1123 3223 populas
1137 3161 1202 3211 iio-

111 3229 201 3279 locunr
221 3241 283 3277 cum
302 3230 354 3277 noa
371 3225 513 3288 composui
530 3227 560 3276 in
574 3226 637 3275 adn.
679 3240 780 3278 manas
798 3227 937 3277 tribuerit
951 3227 1073 3294 absenti,
1089 3229 1201 3280 deside-

112 3311 150 3349 33.
170 3299 206 3348 33
223 3294 258 3359 4,
275 3293 296 3346 4
312 3295 339 3357 S.
359 3298 385 3345 2.
420 3295 521 3357 Plura,
541 3307 637 3359 qinom·
679 3296 760 3348 riam
786 3296 953 3348 liberatoris
982 3299 1028 3347 sai
1058 3300 1201 3363 perpetuo

112 3380 190 3431 quem
208 3379 245 3416 na
262 3365 326 3428 ipse
339 3365 447 3428 quidem
461 3366 548 3415 multa
562 3368 639 3429 sunt,
678 3368 784 3428 plausa
807 3368 838 3418 et
853 3367 981 3415 clamore
996 3366 1110 3418 leniret.
1137 3367 1203 3417 item

113 3437 241 3498 exempla
259 3435 380 3498 perlecti
398 3435 435 3484 33
449 3436 640 3497 imperfectum
680 3434 819 3484 vellelum
838 3432 1015 3483 Paterculum
1041 3439 1071 3498 1,
1102 3435 1202 3495 9S.t

115 3505 255 3565 enituisti,
286 3507 319 3553 ut
334 3502 368 3568 4,
399 3501 467 3565 48.
488 3503 640 3567 estquod
682 3505 821 3570 del’erse,
838 3504 1105 3567 illacedonumrege:
1124 3504 1204 3556 diea-

114 3577 192 3626 3333
216 3572 335 3633 lenimus
362 3574 442 3623 iuius
470 3586 529 3636 cap.
557 3570 583 3633 S.
606 3577 641 3626 2:
683 3572 912 3624 aioadeoaaria
925 3574 1049 3637 soriano
1062 3587 1204 3625 ennicon-

116 3656 238 3709 oaoram
250 3641 445 3694 alteri-aaa
457 3642 639 3695 333333333-
681 3643 789 3694 salitas
805 3642 998 3706 confliaerat,
1023 3645 1057 3694 at
1073 3646 1204 3708 pteram·

116 3713 259 3776 meabant,
276 3710 551 3763 alteri-celeriter
563 3710 640 3778 qraoal
682 3726 737 3779 aaa
752 3712 887 3775 sarrerior
903 3711 999 3776 faerit
1016 3726 1205 3778 acaaaamqae

117 3782 289 3851 temerant,
303 3785 552 3846 consumpserant
582 3784 639 3832 ile-
681 3784 797 3847 partem
819 3780 959 3832 Graeciae
983 3781 1014 3832 ia
1037 3782 1213 3849 societatemn

117 3865 218 3903 versae
232 3855 325 3901 autem
337 3851 373 3900 33
386 3854 517 3902 usitatum
532 3854 640 3914 tempus
681 3865 764 3903 suam
781 3850 966 3915 perduceret.
1099 3858 1104 3867 ’

117 3921 253 3972 orationis
270 3921 384 3971 citemus
402 3924 429 3971 li.
449 3922 469 3971 l.
487 3922 513 3970 is
531 3924 591 3985 est,
608 3923 640 3971 at
737 3923 850 3984 pecore]
869 3919 930 3970 Gir.
949 3924 982 3985 3,
1000 3919 1037 3974 47
1054 3922 1080 3983 S.
1098 3924 1117 3974 7
1141 3922 1204 3973 luo-

118 3992 205 4041 miuus
221 3989 320 4040 usitati
337 3990 515 4054 significatio,
535 3992 569 4039 de
586 4001 641 4053 qua
683 3990 746 4053 piae
782 3990 996 4052 magnitudinem
1034 3990 1205 4056 describens,

120 4062 154 4110 ci.
172 4062 235 4111 333.
253 4060 289 4111 33
307 4063 340 4123 2,
357 4061 390 4110 21
410 4062 438 4123 s.
455 4057 484 4125 4,
502 4073 535 4110 eo
551 4061 641 4125 magle
683 4072 765 4123 quiam
788 4061 891 4110 milites
915 4061 1054 4126 singulari
1069 4061 1206 4124 patientia
1292 4065 1293 4069 ’

121 4130 269 4193 conspicue.
299 4128 357 4178 liat.
395 4131 500 4181 uadem
532 4131 641 4181 ratione
682 4130 809 4194 tulerint,
820 4142 995 4196 3333333333,
1009 4132 1110 4197 inquit,
1122 4131 1206 4180 caius

122 4197 281 4253 Ciceronem
302 4210 383 4252 usum
406 4213 471 4253 esee
489 4198 641 4252 verisimile
685 4200 730 4254 rei
745 4212 856 4254 casamo
871 4202 939 4255 erat
952 4213 991 4254 aa
1006 4201 1100 4267 illairo
1112 4198 1206 4266 conia,

713 4294 730 4325 Ο
