2700 4726
132 271 212 353 seo
405 206 979 369 nennnnounnnico
1077 201 1144 250 ·’

107 461 266 536 iterns3
294 449 461 519 Ruurueis
489 458 525 518 et
546 447 642 517 Boiis
668 447 790 589 [libb]
828 446 873 516 X.
897 443 1065 516 universis
1085 445 1233 514 civilati-

183 644 276 700 cussie
293 642 375 695 Voss.
393 645 429 694 A.
454 642 529 706 Egon.
554 641 617 693 Pur.
635 641 668 693 A.
699 638 778 691 Vrei.
797 642 832 690 A.
860 638 1041 692 Beliioccosis
1065 640 1124 691 Pei.
1151 640 1235 695 liuor.

181 712 350 773 Beiliocosis
368 712 428 765 l’et.
447 704 533 767 Cond.
565 709 741 774 Bojocussiis
759 712 827 762 [ror.
848 705 928 759 Faor.
961 710 1115 760 Beiioscsis
1136 712 1233 762 llsmb.

183 781 333 838 Bellicosis
351 783 439 832 liuen.
469 781 620 832 bellionisis
640 780 723 841 Bong.
741 777 773 829 (i.
797 777 878 831 Vlud.
896 778 926 827 c.
952 778 1093 829 beliouisis
1112 780 1194 831 Vind.
1213 782 1235 832 1.

184 851 344 907 Bellouacis
370 842 451 902 vind.
470 851 499 898 o.
530 848 710 901 oeiliocussis
724 847 807 899 vind.
828 850 861 896 A.
896 847 1086 899 Veiiiocossiis
1110 850 1184 900 lluv.
1203 852 1236 900 A.

189 920 359 975 Veliocassis
377 929 470 983 margo
487 915 572 971 Voss.
590 921 641 977 (m.
659 919 761 978 lireio.)
778 918 812 966 de
831 927 885 977 que
903 917 1038 979 scriptura
1055 918 1143 981 idem,
1168 923 1239 981 qnod

187 1004 274 1054 supra
300 992 335 1040 de
358 989 543 1052 stephaniam
565 987 775 1048 Ambiooreiis,
799 984 972 1037 indicendum
988 996 1047 1050 eso,
1071 988 1094 1036 si
1114 988 1139 1037 ni
1156 989 1239 1041 iidem

187 1061 261 1127 sint,
282 1058 328 1122 qui
344 1062 379 1122 2,
396 1055 414 1108 l
431 1057 457 1117 S.
475 1060 493 1107 9
520 1060 699 1116 Veioeosses,
714 1057 745 1125 pt
762 1054 809 1117 qui
826 1053 860 1120 8,
880 1058 900 1108 7
918 1053 945 1115 S.
963 1053 982 1105 l
1007 1057 1195 1109 Veliiocosses
1210 1060 1240 1110 in

188 1128 327 1183 codicibus
349 1127 538 1192 appellantur,
572 1126 739 1177 Veliocassis
766 1122 810 1173 bio
835 1132 862 1174 eo
891 1123 1062 1176 Veliocasses
1084 1128 1101 1176 l.
1126 1130 1144 1176 2
1170 1132 1199 1178 ei
1222 1129 1240 1178 8

189 1196 320 1260 scriptum
338 1210 356 1248 a
372 1195 492 1248 Ceesure
508 1206 589 1257 euque
606 1194 697 1246 Hirtlo
715 1193 820 1256 videri,
846 1204 880 1242 ex
900 1205 952 1255 quo
973 1193 1098 1245 varietas
1115 1197 1239 1248 codicum

191 1266 323 1319 recllllne
340 1265 471 1328 explicari
487 1268 582 1326 possin.
617 1267 654 1314 Uo
670 1263 741 1313 eninr
758 1262 816 1313 ficri
835 1264 953 1324 posuerit
969 1265 1040 1325 quod
1058 1264 1240 1327 Nipperdeius

189 1336 296 1399 credit,
319 1348 374 1387 non
398 1347 502 1384 summu
526 1333 680 1385 constantia
696 1332 845 1383 cessorem
869 1332 896 1380 in
914 1332 1064 1383 scribendis
1083 1336 1240 1396 populorum

189 1405 342 1456 nominibus
360 1416 423 1454 esse
440 1415 517 1453 nsum
535 1405 564 1453 ei
578 1403 762 1454 Veiliocussoe
780 1402 805 1449 b.
824 1401 843 1451 Ι.
862 1403 969 1450 eosdem
988 1405 1068 1465 utque
1086 1406 1136 1454 lu
1159 1408 1241 1456 Veio-

190 1486 286 1527 cosses
305 1474 478 1536 appellasse,
504 1471 530 1522 io
549 1481 639 1523 cumen
657 1484 724 1520 vere
741 1471 842 1519 iscium
865 1481 927 1518 esse
945 1471 1002 1520 sine
1022 1473 1119 1522 idonea
1136 1475 1240 1527 rarione

191 1545 304 1595 eredere
329 1554 382 1592 nou
406 1542 550 1606 debemus,
575 1553 664 1603 neque
686 1540 710 1587 si
728 1539 829 1589 facturn
848 1539 875 1588 iu
897 1540 947 1587 boo
967 1543 1072 1591 nomine
1094 1544 1241 1611 credimus,

147 1642 153 1650 ,
190 1616 336 1675 propterea
353 1609 542 1675 Beliocossis,
566 1611 636 1673 qnod
654 1608 769 1670 optimus
786 1609 870 1657 codex
888 1611 1014 1673 praebet,
1040 1620 1145 1662 mutere
1164 1615 1242 1678 cogi.

85 1682 88 1689 ‘
189 1693 266 1746 nur,
284 1678 381 1745 quippe
398 1677 426 1728 ln
443 1692 494 1741 qno
510 1677 695 1730 inconstantia
712 1683 787 1726 certe
803 1690 855 1727 non
873 1677 977 1743 maior,
995 1692 1075 1742 quum
1092 1680 1121 1729 in
1135 1684 1243 1734 Veiiio.

190 1749 282 1801 cussis
307 1755 447 1811 appareat.
482 1749 534 1797 sed
551 1749 619 1810 llos,
645 1746 741 1808 qulbus
764 1745 793 1793 in
817 1745 864 1794 illo
882 1746 1022 1798 Gallorum
1047 1751 1164 1802 coneilio
1190 1754 1244 1805 triu

78 1830 82 1835 ·
189 1818 266 1871 milia
284 1817 418 1880 imperatu
434 1824 512 1881 suno,
538 1816 647 1865 eosdem
670 1815 736 1865 illos
754 1812 859 1878 inisse,
885 1826 953 1876 quos
970 1828 1040 1867 anno
1058 1819 1122 1868 belll
1141 1822 1243 1873 Gallici

192 1889 313 1937 secundo
336 1898 395 1934 oum
413 1884 614 1935 veromanduls
639 1885 732 1933 decem
754 1881 830 1934 milis
853 1883 992 1944 pollicitos
1016 1886 1144 1940 olienis
1165 1893 1252 1943 audi··

192 1963 274 2006 verso
289 1954 412 2017 Gsesur,
437 1965 524 2017 neque
543 1954 621 2011 nobis
646 1965 695 2015 pro
713 1953 789 2002 certo
813 1963 912 2015 ponere
932 1954 1040 2004 liceret
1058 1956 1111 2018 ipsi
1130 1960 1245 2013 caesari

193 2027 241 2075 vel
257 2024 366 2075 dubium
384 2023 431 2072 vel
448 2023 613 2086 incognitum
631 2035 694 2072 esse
712 2021 804 2082 potuit.
842 2023 937 2086 ltaque
954 2025 979 2072 b.
997 2024 1015 2076 l.
1031 2028 1124 2087 optimi
1143 2032 1245 2082 codicis

193 2093 357 2156 scripturum
380 2095 475 2142 tenere
499 2096 527 2141 et
545 2094 672 2154 populun
690 2093 759 2140 bunc
778 2091 812 2141 ub
830 2091 893 2156 illo,
919 2093 964 2156 qui
990 2095 1045 2145 1.2
1069 2103 1247 2164 memoratur,

193 2164 334 2216 diversum
359 2172 474 2228 ponere,
500 2169 530 2211 uo
553 2161 583 2211 in
607 2163 669 2214 edu.
695 2161 729 2212 sd
755 2155 789 2221 5,
808 2163 841 2210 12
863 2161 892 2231 ἦ.
910 2161 925 2209 1
946 2163 1018 2232 leci,
1043 2178 1115 2217 nuno
1140 2182 1245 2234 qnoque

193 2234 280 2286 tulius
314 2238 369 2282 uio.

228 2304 256 2353 et
273 2247 413 2366 Alulercis]
437 2301 540 2366 „MSS
557 2296 680 2364 plerique
705 2304 733 2347 et
750 2298 816 2348 Edd.
837 2311 878 2358 pp.
889 2295 910 2327 ‘⁶
933 2299 992 2352 Pel.
1012 2297 1097 2355 Voss.
1116 2305 1151 2357 A.
1172 2310 1247 2371 πμ.

194 2370 271 2423 (iuti.
290 2370 375 2434 liong.
389 2373 424 2421 A.
449 2369 512 2420 Par.
532 2366 565 2419 A.
584 2370 631 2419 Dr.
648 2365 681 2416 A.
700 2368 781 2418 Vrud.
799 2367 877 2416 Alic.
895 2367 974 2420 flori.
995 2371 1025 2420 B.
1043 2372 1122 2423 liom.
1141 2387 1169 2426 s.
1188 2378 1247 2429 lier.

194 2441 226 2492 et
250 2437 357 2489 oiercis
380 2438 451 2489 bled.
470 2449 494 2487 e.
520 2438 591 2490 Ven.
612 2434 700 2484 bodei.
731 2437 761 2486 et
784 2437 910 2487 oluercie
935 2438 1020 2489 liueu.
1047 2443 1077 2492 et
1103 2447 1248 2497 caulei-eis

195 2508 294 2559 uano.
318 2509 348 2557 et
365 2504 488 2557 obiectis
507 2508 589 2567 Eoup.
607 2504 637 2555 (i.
663 2503 745 2552 vind.
763 2502 794 2553 0.
822 2505 953 2556 Aulercis
971 2510 1033 2558 Ald.
1054 2519 1080 2560 ei
1099 2527 1158 2577 sqq.
1185 2529 1248 2577 pur.

194 2577 487 2637 inconsummate,
511 2583 542 2624 nc
567 2572 611 2623 lu.
631 2571 681 2622 Gr.
697 2573 805 2623 oiercis
824 2573 907 2625 Vind.
925 2577 956 2625 l).
982 2580 1104 2631 ouleciis
1126 2584 1204 2634 Vind.
1223 2586 1246 2634 l.

195 2645 254 2696 duo
270 2644 301 2694 et
324 2643 372 2695 Dr.
391 2644 422 2691 li.
444 2641 525 2692 vind.
545 2642 577 2692 E..
602 2641 659 2691 duo
678 2643 737 2692 cod.
756 2643 848 2694 Semo.
872 2655 923 2694 orn.
943 2645 1012 2696 llber
1029 2649 1125 2701 Vrsini
1142 2653 1170 2702 in
1190 2657 1247 2706 Eu.

197 2712 248 2766 cu.
265 2711 343 2762 bein.
359 2713 395 2761 A.
412 2712 485 2761 fluv.
504 2716 537 2761 A.
563 2710 645 2761 Vind.
665 2713 698 2759 A.
733 2713 773 2760 De
790 2715 904 2777 copula,
923 2727 977 2778 quo
994 2723 1127 2788 cavetur,
1144 2736 1180 2772 ne
1198 2725 1250 2775 dno

197 2781 339 2845 sequentis
357 2780 464 2832 nomine
480 2793 534 2830 non
552 2793 633 2831 unum
653 2781 796 2846 populum,
821 2785 869 2832 sed
889 2785 940 2834 dno
961 2785 1116 2849 significare
1135 2792 1250 2844 videan-

198 2859 262 2916 tur,
286 2851 323 2901 oi.
342 2851 404 2900 udn.
423 2861 462 2900 cr.
481 2851 514 2899 ud
531 2851 564 2912 li,
582 2853 598 2899 2
616 2848 644 2909 s.
662 2852 686 2898 i.
1076 2870 1079 2875 »

233 2913 417 2985 Eburonibus]
443 2918 620 2968 Aburonidus
640 2918 697 2968 Pei.
716 2918 800 2969 Gonll.
826 2920 1035 2976 Eburovicibus
1053 2927 1093 2977 Cl.
1115 2938 1145 2979 uo
1163 2930 1252 2983 Vale.

199 2988 240 3040 sio
258 2989 320 3039 Not.
338 2988 411 3038 Gall.
431 3000 457 3049 p.
477 2989 511 3037 66
530 2988 698 3038 scribendum
716 2988 862 3039 videbatur
880 2995 1038 3059 propterea,
1064 3002 1133 3061 quon
1151 3003 1179 3051 pt
1196 3004 1215 3052 p,
1234 3006 1252 3052 3

198 3058 249 3117 (17
265 3055 292 3116 S.
309 3060 340 3115 3)
359 3068 376 3106 e
394 3056 517 3106 Caesare
537 3057 645 3106 Aulerci
664 3057 833 3108 Eburovices
851 3072 910 3111 cunr
931 3064 1061 3116 bexoviis
1081 3068 1252 3128 coniungen-

198 3135 262 3190 tur,
289 3125 360 3175 euin
381 3124 461 3175 Mes.
477 3124 559 3175 Plinii
583 3123 631 3188 (4,
649 3128 699 3184 32)
723 3126 751 3175 in
771 3127 864 3180 Gallis
884 3133 1058 3194 Lugdunensi
1077 3149 1127 3186 seu
1144 3137 1254 3191 celtice

199 3208 254 3247 non
278 3201 308 3244 ut
330 3193 358 3244 in
383 3192 459 3244 libris
485 3193 625 3256 impressis
650 3196 775 3260 legetur,
797 3194 860 3247 Ani.
885 3200 1044 3274 Eburones,
1071 3189 1118 3256 sed
1136 3210 1253 3259 Aulerci

200 3261 369 3315 Eburovices
393 3264 533 3329 dicantur,
563 3265 704 3314 Eburones
729 3276 795 3313 vero
818 3266 845 3314 in
872 3270 1014 3331 provincia
1039 3276 1188 3328 Germania
1212 3275 1251 3328 11,

200 3342 251 3383 seu
272 3331 402 3383 inferiore
422 3331 492 3396 sint,
517 3333 617 3396 'longrl
642 3333 745 3384 notiore
768 3334 875 3385 nomine
893 3341 1032 3400 appellaui.
1066 3347 1184 3397 Vulesio
1203 3360 1252 3397 us-

201 3400 318 3453 sentitur
338 3400 461 3450 Vkerlus
479 3416 504 3463 p.
521 3402 574 3452 ³28
591 3403 635 3463 et,
654 3401 697 3463 qui
716 3403 924 3457 Eburovicibus
942 3411 1040 3477 edidit,
1058 3413 1252 3477 Nipperdeius.

200 3472 273 3520 sune
289 3472 322 3519 de
340 3468 511 3521 Eburonibus
530 3470 710 3534 Ambiorigis,
730 3484 797 3532 quos
817 3475 932 3526 lectione
950 3481 1063 3545 vulgate
1082 3484 1254 3548 significatos

199 3540 314 3601 putabet
334 3538 482 3604 Valesius,
505 3542 529 3589 b.
547 3540 564 3589 l.
585 3543 695 3604 propter
715 3554 768 3606 ee,
793 3554 862 3604 quae
879 3546 898 3597 Ι.
915 3549 932 3595 6
951 3550 1040 3600 relatu
1059 3559 1140 3617 sunt,
1161 3568 1254 3606 sermo

201 3619 265 3659 esse
284 3609 395 3672 nequit;
420 3609 468 3658 sed
486 3620 521 3658 eu
538 3610 571 3657 de
588 3621 674 3658 causa
695 3611 776 3660 lectio
795 3613 897 3664 codicis
917 3616 1058 3670 Vrsinieni
1076 3631 1104 3672 eo
1123 3633 1254 3686 puerinon·

200 3686 392 3742 cognotorum,
416 3677 462 3738 qui
481 3682 511 3728 et
529 3678 660 3730 Aulercis
679 3678 816 3745 omittunt,
840 3682 948 3734 minime
965 3701 1032 3739 vero
1053 3694 1168 3756 vulgale
1185 3695 1254 3746 seii-

200 3744 297 3797 olenda
321 3755 382 3809 eso,
405 3758 475 3808 quse
499 3760 587 3809 genus
611 3749 741 3812 quoddam
760 3752 939 3807 Aulercorum
957 3757 1126 3813 Eburonum
1149 3775 1253 3831 cognq.

166 3912 237 3977 quod
262 3914 296 3963 de
319 3926 430 3967 numero
454 3917 581 3966 Aulercis
601 3917 690 3970 ceno·
732 3920 774 3971 bis
799 3926 948 3986 seperatim
972 3937 1063 3980 scium
1086 3941 1180 3996 esset,
1206 3936 1251 3984 vel

166 3979 273 4032 mannis
285 3983 440 4046 imperando
454 3987 644 4036 controversia
661 3988 688 4038 ln
733 3990 858 4055 quicquid
870 3997 963 4045 eodem
975 3999 1112 4058 pertinens
1125 4001 1153 4054 in
1163 4004 1253 4068 Epire·

168 4050 284 4103 coneilio
302 4053 472 4120 exstitisset,
489 4057 559 4118 quod
576 4058 610 4106 de
626 4068 688 4118 pru-
732 4062 877 4114 meridibus
895 4066 1024 4130 scriptun
1040 4069 1101 4120 inii.

156 4118 249 4189 xxinnls
266 4133 316 4172 sex
333 4122 439 4185 populis
457 4123 636 4191 coniunctim,
655 4128 689 4176 de
