2700 4726
325 300 327 307 π
403 240 857 384 stauracius
951 284 991 309 J·
1105 276 1174 353 les

81 460 260 554 Quicquid
295 463 374 531 huic
416 466 581 535 circuitus
622 467 666 534 ad
701 470 918 537 molliendum
956 469 1077 538 olivum
1119 476 1219 538 ιιι-1

81 564 256 633 cessarat,
290 552 327 619 id
355 555 503 643 spatium
532 559 666 626 itineris
694 560 850 645 augebat.
903 558 940 626 A
972 560 1081 626 medio
1103 560 1175 627 fera
1196 558 1230 627 8⁴

79 767 83 773 ·
117 744 148 799 in
163 741 316 806 composito
335 756 429 797 onnes
446 746 635 816 consentiunt,
663 747 760 814 oppidi
778 761 883 803 moras
902 747 1004 803 aberat
1020 753 1177 820 tenendum,

118 815 159 869 ad
175 823 284 865 temere
300 813 408 866 illatum
426 816 544 869 videtur.

117 951 129 1009 i
155 883 183 1005 st.
201 888 219 934 2
238 882 312 1003 iii-³⁰]
336 885 403 936 tine
419 886 495 939 iiior.
514 901 572 941 sec.
590 899 671 940 anon.
688 887 772 942 vind.
791 886 868 939 tanc
886 888 964 938 Ture.
982 887 1091 951 tucax
1109 900 1178 941 con-

130 967 161 1005 ec
176 963 228 1004 ura
271 966 325 1015 loo.
615 1010 619 1019 ,

155 1021 302 1083 circuitus]
321 1022 449 1074 circuito
467 1024 505 1076 V.
512 1023 542 1076 G.
560 1026 626 1077 vrs.
640 1027 704 1078 Not.
723 1021 828 1091 („quod
846 1023 961 1090 antiqno
972 1032 1023 1086 pro
1040 1022 1179 1091 circuitui
1261 1044 1266 1051 ·

118 1091 241 1158 positum
266 1088 338 1141 est“
360 1090 440 1151 Vrs.)
466 1094 517 1144 01.
544 1095 627 1146 Vind.
645 1098 679 1145 A.
700 1095 841 1146 circuitui
858 1097 931 1147 flav.
950 1099 984 1145 Δ.
1006 1091 1180 1144 circumitus

119 1163 184 1214 Ber.
218 1161 348 1210 Dativnm
366 1161 485 1225 ineptum
503 1175 568 1215 csse
584 1166 688 1233 liquet,
705 1163 845 1217 ablativus
865 1167 890 1214 si
906 1178 956 1228 pro
973 1163 1180 1216 circumeundo

119 1229 293 1295 accipiatur,
314 1231 384 1281 torri
404 1231 502 1293 possit.
849 1289 851 1293 .
954 1291 957 1296 .
1101 1284 1106 1300 Ι

155 1298 342 1358 molliendum]
375 1301 549 1352 scotiensium
572 1334 591 1364 „
600 1302 678 1352 MSS.
702 1297 852 1366 plerlque“
874 1301 935 1352 Pet.
954 1301 1028 1352 (icit.
1044 1302 1128 1353 voss.
1146 1303 1181 1352 A.

120 1370 202 1433 lagen.
222 1369 291 1417 [ιον.
309 1369 357 1418 Dr.
379 1372 436 1421 Aa.
455 1372 536 1421 vrci.
556 1372 633 1421 llic.
653 1370 733 1421 Goth.
753 1372 784 1422 B.
803 1372 899 1422 Hemo-
919 1371 950 1423 P.
970 1373 1044 1424 Man.
1062 1384 1182 1424 mosett-

120 1439 191 1490 anm
208 1436 291 1486 vind.
309 1438 341 1487 Β.
376 1437 419 1490 (it.
438 1440 500 1490 adn.
520 1442 555 1492 ad
572 1439 600 1506 5,
617 1443 635 1491 9
653 1436 681 1500 S.
698 1441 725 1494 1.

154 1506 272 1564 clivum]
292 1500 399 1559 conani
416 1511 493 1559 Turn.
712 1515 716 1521 '
1033 1535 1036 1547 =

157 1577 276 1639 spatium
296 1575 405 1629 itineris
423 1578 553 1640 augebat]
571 1577 610 1627 ati
627 1591 669 1641 sp.
686 1575 722 1628 tt.
741 1590 808 1645 cap.
827 1575 908 1627 Vind.
924 1572 947 1627 Ι.
965 1578 1060 1640 spatio
1076 1577 1110 1629 tt.
1126 1591 1182 1629 ca-

120 1647 245 1714 petatar
272 1645 308 1695 V.
332 1644 363 1696 C.
391 1640 456 1699 Vrs.
480 1649 551 1697 And.
577 1647 626 1698 Ox.
652 1647 728 1696 Leid.
749 1645 781 1697 Α.
803 1648 874 1696 liar.
895 1649 928 1696 A·
947 1648 1031 1697 Vind.
1052 1648 1085 1696 A.
1121 1646 1181 1700 Hoc

123 1715 169 1779 qni
186 1714 371 1779 excogitavit,
388 1716 413 1765 is
431 1715 461 1764 id
474 1725 531 1778 pro
549 1717 719 1775 accnmtlva
737 1717 864 1779 spatium
882 1727 932 1777 pro
949 1716 1116 1768 nominativo
1131 1720 1182 1769 lta-

121 1784 217 1837 adase
236 1795 265 1833 ec
283 1783 488 1848 ambiguitatem
500 1796 643 1835 removere
659 1782 792 1842 voluisse,
811 1789 931 1835 ceterum
949 1787 1077 1850 astatium
1092 1786 1181 1839 itius-

122 1854 169 1906 ris
188 1852 288 1903 directi
306 1853 477 1904 intellexisse
495 1857 623 1920 videtur,
647 1855 719 1917 quod
737 1854 822 1921 11106..
840 1854 971 1916 passuum
989 1869 1051 1906 esse
1070 1858 1183 1910 demon-

124 1926 243 1975 stratum
262 1925 315 1972 cst.

159 1992 187 2054 s.
205 1996 223 2043 3
243 1990 280 2052 Α]
298 1991 336 2042 At
348 1989 508 2051 Graeciana
524 1994 567 2042 ed.
585 2003 612 2042 a.
630 1990 709 2050 1713,
729 2003 810 2053 quarn
827 1989 912 2039 tacita
929 1999 1041 2041 secutus
1058 1995 1102 2044 est
1115 1992 1187 2049 oud.

121 2061 198 2112 Idem
220 2068 319 2110 tacens
342 2059 430 2110 tenuit
449 2061 613 2123 Dianoeas,
643 2070 733 2123 neque
754 2060 899 2122 lleyerllns
918 2072 952 2108 ex
970 2060 1034 2110 Par.
1056 2064 1089 2112 A.
1113 2063 1201 2115 aliud.

119 2128 294 2182 ⁴renuntiavit
310 2128 484 2190 Nipperdeio.
521 2131 575 2179 Sed
593 2130 676 2191 Bong.
694 2130 786 2178 Α.1)1.
806 2130 877 2178 flav.
896 2129 951 2177 AB.
970 2128 1087 2181 1111111.
1104 2133 1188 2186 Vrat.
1233 2162 1236 2168 ·

124 2195 205 2252 Aac.
225 2198 306 2248 Goth.
327 2199 361 2251 ll.
376 2199 473 2249 flamia.
490 2199 574 2248 vind.
587 2199 643 2248 AB.
663 2193 761 2262 (deor.
778 2197 862 2253 oona.
881 2198 934 2248 Ga.
951 2198 1035 2250 Viud.
1052 2196 1188 2263 cousi.)

128 2280 192 2321 canl
209 2269 272 2335 rell,
290 2269 355 2320 aute
376 2269 444 2319 oud.
463 2267 524 2329 edd,
540 2268 640 2318 liabent
654 2281 683 2319 a.

142 2425 171 2487 s.
191 2425 209 2473 2
231 2421 326 2485 huic]⁴
342 2422 416 2483 quod
433 2424 618 2484 quantumque
660 2421 807 2483 accipitet
826 2423 927 2475 rectae
939 2422 1053 2491 reptant
1065 2422 1189 2491 intelllgi

90 2504 110 2545 a
134 2489 253 2555 planitie
283 2490 447 2539 ascendenti
477 2491 620 2539 minimum
659 2490 1189 2555 luoet‚quodad‚sensnlsaeqlnccom·

91 2565 122 2612 at
154 2558 316 2615 necessario
344 2560 528 2608 emetiendum
555 2572 620 2608 esse
659 2561 769 2609 modum
786 2565 846 2623 est,
870 2563 894 2610 si
912 2567 1026 2613 rectam
1043 2566 1190 2628 cepionem

90 2631 172 2683 modo
198 2628 383 2695 significatum
407 2630 460 2678 est.
494 2629 566 2678 Nam
586 2638 621 2678 ca
660 2628 1086 2694 directumiterintespretamur.
1103 2634 1191 2685 Prae-

92 2702 140 2751 vis
172 2701 218 2749 est
250 2696 396 2760 dictionis,
426 2710 497 2759 quae
528 2697 621 2761 oppidi
660 2701 739 2750 terea
751 2699 815 2760 ipsa
828 2701 941 2761 genesis
955 2703 1191 2767 ambiguitasmo-

92 2781 202 2823 neuram
218 2770 304 2818 secta
320 2767 438 2832 cepione
453 2766 537 2816 MCC.
555 2778 623 2827 pas·
664 2770 729 2833 net,
762 2771 793 2816 ut
816 2772 944 2818 neutrum
969 2785 1033 2821 esse
1052 2777 1190 2838 putemus,

93 2854 146 2892 sus
162 2839 298 2890 abesses
314 2835 431 2898 planitie
448 2838 624 2887 denonstra-
666 2839 738 2900 quod
772 2837 857 2887 etiam
887 2839 1003 2890 sincero
1035 2843 1192 2906 videbatur,

94 2910 147 2961 vlt.
182 2903 277 2971 Ipsum
289 2908 381 2956 autem
393 2905 471 2971 illud,
490 2918 543 2968 quo
557 2917 624 2966 per·
666 2907 717 2955 sed
728 2905 757 2954 id
769 2908 939 2958 substantivi
953 2913 1091 2969 potestate
1107 2922 1192 2972 psas-

96 2980 169 3031 tinet
199 2976 283 3043 iaie,
315 2987 371 3026 non
394 2976 456 3026 sola
478 2975 622 3038 longitudo
664 2976 761 3037 ditum,
781 2989 837 3026 non
852 2978 995 3045 adiectivi,
1015 2981 1193 3044 quemadmo-

97 3054 128 3101 et
143 3058 277 3099 mensura
295 3044 404 3094 itineris
422 3047 475 3107 est,
498 3057 579 3106 quarn
599 3043 626 3103 si
665 3045 729 3094 dum
746 3044 796 3095 iile
813 3048 941 3112 volebat,
967 3053 1015 3112 qui
1033 3049 1194 3112 explicandi

96 3120 128 3172 in
143 3119 236 3170 mente
252 3115 398 3166 habuisset
412 3117 551 3177 scriptor,
579 3112 625 3162 itis
667 3125 754 3165 causa
769 3118 866 3180 spatio
885 3119 996 3169 adiecit.

97 3191 147 3241 vel
176 3188 233 3238 occ
264 3184 422 3252 posuisset,
455 3186 506 3235 sed
535 3185 625 3246 ipsum
720 3185 895 3252 accesserat]
927 3189 1049 3238 additum
1073 3188 1143 3241 iilud
1158 3190 1195 3239 ab

98 3258 155 3311 iter
178 3258 215 3308 ad
237 3268 345 3305 murum
362 3256 512 3319 directum,
546 3255 625 3303 cuius
667 3255 900 3320 ascendentibus,
932 3259 979 3319 qui
1001 3258 1120 3308 circuitu
1144 3257 1195 3308 alii

97 3330 151 3382 illa
168 3329 232 3378 erat
248 3336 396 3386 mensura,
414 3326 487 3388 quod
504 3325 545 3374 ita
563 3335 627 3373 cnm
668 3323 790 3385 iustiore,¹
803 3325 854 3374 alii
872 3325 980 3376 minore
1000 3328 1103 3378 clivum
1121 3328 1196 3378 rnol-

97 3411 136 3452 ca
154 3397 287 3460 coniungi
305 3397 334 3444 et
352 3394 395 3445 rei
412 3400 514 3445 natura
534 3393 626 3455 patie—
668 3394 770 3443 tientes
788 3395 851 3455 plus
866 3395 995 3446 minusve
1012 3397 1147 3447 circuitus
1159 3397 1196 3447 ad

98 3470 183 3525 tratur
206 3469 235 3516 et
255 3467 342 3515 verba
365 3463 501 3530 quicquid
517 3463 628 3514 circai-
668 3463 724 3514 iter
732 3465 1106 3531 brevissimnmadiicieoant‚
1116 3465 1196 3532 quic-

100 3544 150 3592 taa
166 3538 332 3587 suadebant.
353 3533 426 3584 Aliis
439 3535 506 3586 istic
517 3545 629 3583 masca—
671 3532 736 3594 quid
749 3536 840 3582 autem
852 3535 1023 3600 adiecerant,
1038 3549 1070 3588 eo
1083 3535 1197 3602 longius

99 3610 188 3662 tinam
207 3619 273 3657 esse
290 3605 455 3669 videbatur,
486 3605 629 3666 utiliora,
670 3603 727 3654 iter
742 3606 773 3652 ut
790 3607 882 3668 esset,
909 3603 1077 3656 efficiebant.
1112 3607 1198 3657 Plus·

102 3679 152 3744 qui
179 3675 347 3738 adscripsitt
377 3686 446 3737 ,‚sc.
471 3672 630 3738 adscensui,
672 3674 907 3737 quamperiectuul
920 3675 1107 3727 circumeundi
1121 3674 1197 3727 acti-

101 3749 151 3814 qni
169 3747 202 3798 at
217 3749 298 3797 secta
315 3740 459 3808 regionc.“
477 3743 522 3792 cui
538 3745 632 3794 obstat
652 3788 654 3792 .
672 3755 763 3811 onem,
782 3754 853 3805 quae
867 3742 923 3793 iter
939 3745 1049 3810 longius
1063 3745 1196 3811 faciebat,

103 3819 178 3884 quod
197 3829 334 3868 masmae
358 3826 458 3865 nornen
471 3820 569 3874 supra
592 3813 633 3863 ita
673 3825 706 3864 eo
724 3817 864 3879 tempore,
890 3826 941 3875 qno
959 3816 1099 3884 iaciebat,
1128 3828 1197 3879 pet·-

102 3889 200 3954 posuit
222 3886 361 3948 scriptor,
392 3885 423 3933 ut
447 3884 529 3947 plura
546 3884 580 3932 de
597 3895 631 3934 co
673 3885 776 3934 tectam
806 3887 836 3933 ct
865 3885 1046 3945 praeteritam
1077 3883 1199 3951 cogitari

105 3960 231 4010 dicturos
264 3958 293 4008 et
316 3957 449 4006 lectoren
473 3955 542 4003 illuc
568 3953 630 4005 solo
671 3954 748 4004 iubet
755 3969 764 4018 ;
777 3966 866 4016 neque
878 3954 907 4003 id
918 3954 978 4004 sine
990 3955 1109 4009 ratione.
1128 3956 1200 4007 Nan

104 4025 631 4094 pronominerevooeturnsfnissenon
672 4022 751 4074 linito
789 4024 897 4075 demtrnt
934 4024 1056 4076 circuitu
1091 4036 1199 4088 quoqne

102 4099 244 4151 videatur.
291 4098 367 4147 ldcul
396 4096 491 4148 obstat
519 4094 631 4145 tinden-
673 4093 833 4157 comparari
846 4095 902 4144 iter
919 4108 980 4146 culn
997 4095 1098 4147 itinere
1112 4093 1200 4146 etal-

105 4169 222 4234 domic,
254 4165 303 4233 qni
333 4165 402 4221 isle
423 4177 475 4230 pro
499 4163 632 4218 iernlntno
673 4166 764 4217 terum
787 4164 877 4218 maius
895 4163 951 4218 dlcl
967 4167 1088 4231 poteret.
1122 4162 1200 4216 Ver·
1265 4236 1274 4273 χ
