2700 4726
206 307 276 374 ιιι
465 298 536 368 os
563 297 743 367 asoto
774 255 1028 370 an‘aa'tco

180 512 185 517 ’
208 491 281 581 ptis
303 485 504 580 quibusdam
528 486 743 569 cohortibus,
769 487 820 554 uti
841 506 999 555 numurus
1021 483 1192 573 legionum
1218 504 1301 551 eon·

201 678 206 683 '
280 677 384 746 captis]
411 680 523 745 creptis
546 693 564 731 a
586 693 622 730 ru.
644 692 687 743 pr.
712 678 806 742 cautis
831 690 849 730 a
873 690 909 728 m.
930 690 986 727 sec.
1005 678 1077 729 Har.
1098 672 1132 727 rh
1153 687 1212 727 sao.
1233 675 1303 728 Wh.

246 753 346 819 „blau
364 752 399 800 A.
417 750 535 801 sirecte
555 749 651 815 video,
668 748 781 814 creptis
800 744 986 814 ἰιιιιὸιιιιιιιιιια
1008 747 1069 796 bib.
1087 746 1199 810 ereptis
1215 745 1303 796 vind.

247 826 280 873 Δ.
299 819 422 882 deruptis
444 819 523 872 Ireid.
544 817 574 869 0.
595 820 666 870 Dok.
685 820 769 870 Dorv.
788 818 864 873 MSS.
883 816 998 879 ciarkii,
1018 817 1099 867 Vrat.
1116 813 1148 864 G.
1168 814 1249 865 Goth.
1270 816 1301 864 Β.

246 889 448 941 vindricus.
473 890 534 938 edd.
559 889 623 938 ante
648 888 715 942 oud.
733 894 848 949 excepta
865 898 920 936 seo.
939 887 999 936 idib.
1020 886 1074 935 inc.
1110 884 1142 933 ln
1159 884 1303 935 nonnullis

246 958 315 1011 oud.
336 958 412 1008 codd.
430 957 522 1021 captis
539 966 600 1018 noso
613 956 778 1022 quibusdum
791 955 907 1019 positum
920 957 972 1006 est.
992 953 1160 1020 additisque
1171 951 1306 1004 cohorti·

246 1026 297 1079 bus
316 1026 425 1094 aliquot
443 1026 516 1079 Patr.
535 1027 578 1092 16,
598 1024 642 1078 51.

281 1112 454 1177 quibusdam]
484 1111 600 1178 quartis
626 1108 791 1178 quibusdam
812 1107 891 1163 heid.
916 1109 947 1159 B.
971 1109 1087 1174 quartis
1112 1106 1229 1176 quidem
1253 1109 1303 1159 ox.

247 1181 365 1248 quartis
382 1180 537 1247 quibusque
554 1182 624 1231 And.
644 1181 706 1232 hid.
729 1179 775 1228 ab.
794 1177 844 1229 tir.
864 1191 892 1230 a.
910 1189 1003 1241 margo
1023 1178 1109 1229 vaso.
1129 1174 1181 1246 (nt.
1200 1178 1305 1238 Frcii.)

247 1252 279 1302 Ρ.
296 1255 369 1303 Man.
388 1252 467 1301 Turn.
487 1251 564 1313 hius.
582 1251 652 1300 Dav.
671 1247 711 1299 ci.
729 1243 873 1314 [quartis]
891 1248 1047 1313 quibusque
1064 1243 1106 1300 lu.
1122 1248 1176 1301 ar.
1193 1250 1305 1315 (quur-

249 1318 302 1388 tis)
321 1319 476 1386 quibusque
492 1320 560 1371 oui.
577 1332 637 1370 aum
654 1319 706 1369 hac
722 1318 910 1368 adnotatione:
929 1317 1045 1379 demotis
1062 1318 1171 1381 quartis
1189 1316 1305 1385 quibus-

249 1387 316 1456 que]
337 1390 414 1442 MSS.
441 1396 469 1438 et
497 1390 561 1439 iodd.
585 1390 654 1437 vett.
676 1387 799 1451 demptis
819 1386 1126 1452 quibusdam.uraeons
1142 1386 1210 1437 itant
1228 1382 1307 1439 renuis

249 1450 525 1524 ruotpertumque.
558 1458 622 1519 His,
641 1456 754 1520 reliquis
772 1456 900 1507 videlicet
918 1456 1014 1519 copiis.
1033 1455 1164 1505 CLARK.
1182 1456 1307 1521 Quantis

249 1535 366 1578 servunt
382 1527 460 1577 MSS.
477 1524 576 1576 Audin.
595 1528 623 1575 et
643 1526 729 1577 Oxou.
750 1527 778 1576 et
796 1526 872 1576 haid.
892 1537 950 1575 seo.
970 1527 998 1575 et
1016 1524 1177 1581 vascosani
1197 1535 1305 1588 margo.

248 1597 303 1647 Sed
320 1595 443 1661 demptis
459 1607 512 1646 non
530 1604 681 1659 agnoscunt
696 1593 765 1644 And.
782 1596 810 1643 et
827 1595 914 1648 oron.
933 1603 961 1643 et
978 1607 1026 1655 uro
1044 1592 1202 1660 quibusque
1219 1593 1306 1657 (qnod

251 1664 341 1717 estin
360 1665 418 1717 soio
434 1663 550 1729 Audino,
569 1665 593 1714 si
610 1663 748 1726 excerptis
767 1665 812 1712 est
830 1664 1008 1723 credendum)
1028 1663 1109 1713 habet
1126 1664 1215 1714 oxon.
1237 1663 1306 1727 qui-

250 1736 323 1787 dam.
364 1731 474 1796 Reliqui
501 1745 594 1785 omnes
619 1744 668 1783 neo
692 1732 808 1797 quartis
827 1733 940 1795 hahent,
972 1733 1000 1781 et
1018 1732 1185 1798 quibusdum
1201 1733 1305 1795 legunt.

251 1802 380 1867 Demptis
397 1802 478 1853 otiam
494 1803 573 1853 modo
593 1800 684 1865 reperi
702 1801 729 1851 in
750 1800 826 1860 heio.
845 1803 907 1851 tert.
920 1802 990 1851 Dok.
1007 1803 1035 1852 et
1047 1802 1167 1853 Dorviii.
1202 1800 1307 1866 ceteri,

196 1888 199 1899 ·
249 1874 380 1938 quotquot
396 1882 541 1921 numerare
558 1884 668 1933 possum
686 1872 777 1933 ceptis
796 1871 962 1935 quibusdum
981 1872 1026 1920 vei
1043 1883 1070 1936 q.
1085 1870 1189 1935 captu.
1226 1872 1304 1920 Unde

250 1944 365 2002 woaret
388 1942 485 1992 saitem
503 1940 598 2004 cautis
617 1941 678 1989 sive
697 1938 826 2002 deiectis,
857 1938 1040 2000 reponendum
1058 1951 1108 2003 oro
1126 1939 1241 1991 demtis.
1271 1939 1305 1988 de

251 2009 366 2073 reliquis
385 2008 496 2060 videant
515 2011 669 2061 acutiores:
692 2007 760 2059 Mihi
776 2020 829 2060 nou
848 2006 999 2058 satisfacio.
1024 2019 1060 2059 an
1080 2008 1169 2061 sectis
1187 2008 1305 2075 quibus-

250 2080 318 2132 dum
335 2077 499 2130 cohortibus
517 2078 564 2130 vei
580 2077 669 2129 simiis
686 2077 761 2144 quid,
778 2079 807 2128 ut
822 2078 984 2139 reliquarum
998 2076 1038 2128 1v
1053 2077 1189 2141 legionum
1205 2080 1305 2130 cohor-

249 2151 292 2200 tes
310 2149 350 2200 ita
367 2147 507 2199 secaverit
526 2157 554 2198 et
574 2147 719 2213 diviserit,
746 2151 775 2196 ut
792 2145 952 2197 viderentur
970 2157 1031 2195 csse
1052 2147 1212 2212 sexaginta,
1244 2147 1306 2196 sive

250 2231 301 2269 sex
326 2216 466 2282 legiones,
495 2217 620 2279 quamvis
647 2217 717 2265 duas
738 2214 779 2264 cis
798 2207 985 2265 detraxisset?
1016 2214 1063 2264 vel
1081 2227 1117 2267 an
1137 2210 1239 2267 Vossio
1256 2218 1306 2267 ad-

251 2284 433 2351 sentiendum,
449 2292 477 2334 et
493 2286 637 2348 legendum
656 2284 797 2335 detractis
817 2283 933 2349 quartis
950 2296 978 2349 q.
994 2294 1019 2337 c.
1055 2285 1136 2335 Certe
1148 2285 1188 2336 itu
1199 2287 1307 2337 bisstis

251 2354 366 2417 orosius
383 2355 600 2417 adhaerebimus.
636 2353 746 2403 blasius
763 2353 928 2421 vigonem,
957 2364 1034 2416 quern
1055 2354 1148 2404 iaudat
1164 2355 1307 2421 Brantius,

254 2423 361 2474 mavult
385 2422 509 2485 &mutis
533 2422 633 2477 tertiis
658 2422 812 2486 quibusque
835 2420 1007 2473 cohortibus.
1016 2416 1035 2450 “
1068 2422 1146 2473 ilaec
1172 2424 1243 2474 0ud.
1262 2427 1307 2486 qui

253 2504 309 2543 non
327 2489 438 2541 videtur
456 2491 550 2554 ceptis
575 2491 602 2543 iu
628 2492 696 2541 And.
723 2499 751 2539 et
777 2490 828 2541 0x.
851 2491 982 2545 omissum
997 2490 1151 2554 significare
1168 2490 1306 2557 voluisse,

254 2560 476 2623 quemadmodum
493 2560 553 2612 iiib.
571 2561 690 2625 nutabat,
708 2558 754 2624 qui
771 2560 822 2610 hoe
834 2560 996 2611 vocabulum
1012 2562 1047 2611 ab
1065 2559 1102 2610 iis
1119 2561 1220 2613 abesse
1234 2561 1305 2613 scri·

253 2628 301 2681 bio
336 2629 390 2679 Sed
412 2629 538 2691 quamvis
562 2629 667 2679 firmum
691 2639 710 2678 a
732 2628 871 2681 codicibus
887 2628 980 2694 captis
997 2640 1016 2679 a
1035 2627 1305 2695 caemesoriotnm

253 2709 307 2749 non
325 2695 441 2747 videtur.
477 2699 571 2761 Neque
589 2697 658 2747 enirn
676 2696 830 2764 deiiqettdis
847 2699 1020 2764 cohortibus,
1062 2708 1114 2749 uae
1133 2698 1203 2751 oud.
1219 2701 1306 2752 inter-

254 2764 371 2830 pretatio
388 2767 448 2829 est,
467 2779 555 2831 neque
571 2766 732 2831 demendis,
750 2770 780 2818 ut
798 2767 975 2819 schuntrius
993 2711 1162 2823 asJutieute
1179 2768 1308 2824 Dtibnsro

253 2846 360 2899 cupere
382 2836 495 2886 verboru
517 2839 615 2887 contra
634 2834 744 2898 linguae
760 2849 838 2886 usum
856 2838 996 2900 declarat,
1026 2836 1101 2886 eitoi
1118 2841 1245 2907 poterat,
1276 2843 1306 2891 ut

254 2902 434 2969 quadraginta
451 2906 575 2955 cohortes
593 2914 642 2952 sex
660 2905 795 2967 legionum
812 2906 932 2969 speciem
950 2906 1121 2969 praeberent.
1155 2908 1260 2959 &doru
1272 2910 1305 2958 de

254 2983 343 3024 causa
361 2985 396 3022 ne
411 2973 536 3038 demptis
552 2972 658 3037 quidem
676 2975 785 3035 probari
802 2976 899 3040 potest,
917 2975 986 3036 quod
1004 2974 1032 3025 in
1048 2975 1208 3038 quibusdam
1226 2979 1302 3029 codi-

253 3041 332 3093 cibus
350 3044 451 3106 exstat,
468 3044 538 3106 qnod
555 3041 580 3092 si
596 3041 625 3095 iu
637 3041 759 3093 omnibus
773 3047 902 3108 exstaret,
918 3044 1037 3104 scriptor
1050 3043 1120 3095 satis
1134 3044 1306 3111 negligenter

253 3109 298 3176 iu,
325 3110 501 3172 quodminus
517 3111 704 3164 necessarium
720 3116 789 3178 erat,
807 3112 925 3174 dixisse,
948 3112 1080 3177 alterum,
1096 3116 1169 3179 qnod
1186 3117 1304 3168 naxium

254 3178 473 3244 desiderabatur,
489 3193 603 3242 quonam
621 3176 726 3231 Caesar
743 3181 866 3244 demptas
882 3181 959 3231 iliinc
977 3185 1104 3234 cohortes
1123 3185 1303 3251 traduxisset,

254 3246 401 3300 reticuisse
423 3249 620 3301 existimandus
643 3255 726 3300 essct.
759 3247 855 3313 ltaque
873 3251 1030 3303 coniectura
1050 3265 1119 3315 onus
1136 3255 1200 3323 eet,
1235 3268 1304 3321 quae

254 3315 416 3370 felicissirne
435 3319 520 3369 cessit
536 3320 684 3372 Wendelio
702 3313 871 3383 Cobnrgensi
888 3319 917 3368 in
934 3321 1056 3371 Scabodii
1070 3322 1186 3389 syboge
1203 3322 1304 3375 inson-

254 3395 321 3452 ota:
343 3386 442 3440 Neues
457 3387 566 3440 Archiv
592 3404 620 3442 u.
643 3388 713 3441 1830
728 3400 758 3439 ιι.
776 3390 812 3439 29
828 3386 941 3455 carptis
957 3391 1116 3454 proponenti
1133 3392 1304 3458 &montique

254 3455 351 3508 verbis
374 3455 449 3510 Irivii
476 3460 533 3525 26,
563 3457 599 3509 38
620 3456 647 3528 i.
667 3461 683 3507 2
706 3456 737 3508 itt
754 3459 859 3510 multus
875 3472 1042 3526 paruasque
1059 3457 1163 3527 partes
1180 3472 1304 3529 corpus

253 3525 435 3591 enecatum,
458 3524 600 3591 inquibus
618 3525 700 3577 simili
716 3539 811 3579 errore
827 3528 949 3579 nonnulii
963 3530 1028 3580 iibri
1046 3543 1152 3593 cupane
1169 3533 1305 3595 exhibent,

254 3596 286 3647 nt
302 3596 387 3660 Gaii,
403 3597 431 3662 3,
449 3595 484 3648 17
501 3595 528 3657 S.
546 3594 563 3648 5
580 3597 747 3662 coquetur,
768 3590 830 3647 Civ.
850 3601 877 3664 1,
893 3598 929 3649 63
947 3599 974 3669 §.
995 3604 1011 3652 2
1030 3603 1058 3652 et
1075 3600 1120 3668 78,
1137 3600 1155 3655 5
1173 3604 1304 3669 cuperet,

269 3763 298 3826 S·
311 3766 329 3814 d
343 3765 375 3815 ut
391 3762 590 3831 consueverat]
607 3763 741 3826 superio-
780 3765 870 3817 dinero
896 3780 973 3819 suain
990 3770 1078 3823 tenuit
1094 3772 1125 3822 et
1143 3784 1204 3823 cunt
1225 3774 1304 3837 paru

217 3828 296 3882 ribus
313 3832 408 3886 diebus
420 3835 528 3886 caesar
541 3847 635 3886 omues
648 3835 738 3898 legio·
780 3837 922 3899 copiarum
949 3840 1040 3891 omnia
1061 3841 1148 3893 misit.
1174 3838 1232 3894 'De
1252 3844 1303 3897 iila

216 3910 269 3950 nes
296 3912 358 3954 cum
385 3904 511 3955 omnibns
537 3903 739 3967 impedimentis
780 3907 852 3957 enirn
869 3909 1096 3978 consuetudine,
1113 3922 1194 3975 quain
1212 3916 1249 3980 2,
1272 3913 1304 3964 19

216 3968 334 4020 mearat
356 3973 385 4023 et
407 3972 462 4023 iter
485 3974 580 4024 iacere
605 3970 737 4038 iusserat,
780 3974 805 4042 5.
824 3978 839 4026 1
856 3982 1066 4046 commemorat,
1096 3980 1123 4031 si
1141 3981 1261 4047 eogitari
1276 3983 1303 4031 h.

215 4037 266 4088 ilio
283 4050 352 4090 vero
370 4039 414 4090 die
428 4053 489 4092 oum
502 4044 607 4094 ombus
618 4043 738 4113 legioni·
778 4046 802 4097 l.
822 4046 976 4113 voluisset,
1005 4051 1088 4112 plura
1104 4050 1132 4102 ei
1151 4053 1240 4107 verbu
1257 4053 1303 4105 ia-

101 4160 109 4175 ,
214 4107 737 4179 busrestititprseterconsuetudinem,
779 4112 878 4168 cienda
893 4115 1021 4170 inissent.

154 4186 160 4191 ·
215 4174 244 4228 iu
261 4175 461 4245 inpedimentis
478 4184 569 4236 auteu
587 4185 738 4238 cousuetu-

554 4268 570 4299 ἱ
