2700 4726
398 290 500 364 ure.
525 244 607 365 uu.
650 291 839 365 cunco
1090 294 1157 395 sss

70 479 177 547 sisset
199 481 300 569 poulo
321 484 399 547 onte
413 481 569 568 repperit
582 479 623 548 od
639 481 755 550 hostes
769 481 973 570 profugisse.
1014 477 1155 561 Adher·
1176 479 1197 545 4

69 575 163 635 tatus
186 567 326 649 milites,
347 588 388 633 ue
409 569 599 636 necessario
623 576 776 657 temporo
798 570 930 635 itineris
943 564 1060 633 lohere
1075 589 1154 655 per-

67 664 277 734 moveantur,
302 653 532 744 cupidissimis
555 656 710 724 omnibus
733 678 934 746 progressus
958 654 1050 719 milia
1075 676 1154 741 pas-
1191 658 1194 665 ⁴

66 764 166 808 suum
202 741 324 830 XXY.
359 765 477 828 egenen
506 742 725 811 Haeduorum
762 744 983 831 conspicatus
1012 743 1153 809 inmisso

65 831 224 918 equitatu
242 831 310 898 iter
332 853 446 897 eorurn
472 839 623 899 moretur
647 842 748 919 utque
768 831 899 921 inpedit
915 827 1153 918 interdicitque
1188 832 1191 837 ’

64 917 241 998 omnihus,
275 939 316 983 ne
344 939 543 1005 quemquem
571 920 786 986 interficient.
826 915 1089 1005 Eporedorigem
1114 923 1150 983 ot
1174 924 1195 988 5

64 1004 344 1086 Viridomarus,
380 1028 464 1092 quos
489 1008 542 1074 illi
560 1008 755 1074 interfectos
777 1007 1034 1085 existimabant,
1061 1004 1152 1071 inter

135 1195 274 1259 repperit]
294 1195 379 1249 Voss.
393 1198 427 1247 A.
442 1199 521 1262 ugm.
538 1197 614 1251 Gott.
629 1198 712 1248 Febr.
729 1191 814 1263 Bong.
829 1201 863 1249 A.
883 1197 947 1247 Per.
959 1198 993 1246 A.
1006 1195 1152 1246 Vnst-AB.

100 1265 228 1318 dioduli.
244 1267 321 1316 Rom.
339 1277 366 1316 a.
380 1267 452 1316 Med.
470 1278 496 1318 a.
510 1261 636 1318 Ven‘bi.
655 1269 762 1331 (iidem,
781 1268 828 1330 qut
846 1269 872 1328 6,
890 1270 917 1331 9,
935 1266 961 1325 S.
976 1266 1010 1324 8)
1027 1268 1056 1314 ct
1069 1263 1153 1314 Vino·
1200 1326 1202 1331 .

97 1338 134 1386 Δ.
153 1337 225 1387 ven.
239 1335 298 1384 ede.
336 1336 427 1398 Vulgo
446 1337 570 1402 reperit,
590 1338 662 1399 quod
680 1339 787 1400 ternpus
804 1335 858 1386 etsi
873 1336 963 1399 magis
982 1335 1152 1396 respondere

96 1405 329 1467 praecedentibus
348 1406 376 1452 et
394 1404 600 1466 insequentibus
617 1406 736 1471 videtur,
758 1410 850 1456 tamen
868 1404 897 1454 in
914 1405 1052 1456 eetiouurn
1066 1402 1152 1453 dissi-

97 1472 257 1527 militudine
273 1474 303 1525 et
320 1473 349 1524 in
367 1473 509 1535 enuntiato
526 1489 578 1537 per
594 1489 625 1526 se
645 1478 790 1526 constante
808 1473 911 1526 mutari
923 1475 998 1524 recte
1017 1473 1116 1535 potuit.

135 1559 308 1622 profugisse]
339 1561 409 1609 And.
438 1561 488 1609 ox.
515 1560 564 1610 cu.
587 1562 617 1611 s.
640 1561 719 1611 Leid.
736 1562 770 1610 A.
794 1560 865 1610 liar.
882 1560 915 1608 A.
934 1558 1019 1609 Vind.
1036 1561 1070 1608 A.
1086 1557 1150 1609 Ald.

98 1631 133 1695 et
151 1641 213 1689 sqq.
233 1628 345 1693 fouisse
361 1630 462 1692 reliqui
480 1632 509 1680 et
523 1630 583 1679 edd.
602 1634 667 1693 onte
687 1631 768 1694 Ald,
785 1629 858 1691 quod
874 1629 966 1677 errori
983 1627 1013 1677 iu
1032 1638 1153 1690 praepo-

99 1697 251 1748 sitionibus
276 1699 423 1748 verborum
447 1701 661 1761 compositorum
691 1700 804 1764 vulgari
833 1696 1007 1748 tribuendum
1030 1696 1152 1745 videtur.

96 1765 146 1815 sio
163 1776 250 1829 supra
269 1779 294 1819 e.
310 1769 345 1816 26
362 1767 387 1826 s.
404 1771 418 1817 1
433 1770 598 1835 prorupere
616 1769 644 1818 in
658 1769 755 1821 Homo.
773 1770 802 1816 et
819 1767 847 1835 8,
863 1763 899 1817 44
913 1766 939 1826 S.
955 1765 1154 1832 2profupisse

97 1836 129 1884 in
147 1836 200 1886 ox.
223 1836 371 1886 decurtata
392 1836 474 1903 sunt,
506 1841 534 1887 et
556 1837 633 1888 infra
659 1850 683 1887 e.
705 1836 740 1888 5⁸
760 1836 786 1895 S.
805 1840 823 1887 6
846 1837 935 1886 verbo
950 1835 1154 1900 proruperunt

98 1905 174 1954 idem
193 1904 292 1955 iisdem
310 1905 338 1954 in
355 1906 452 1971 libris,
473 1908 502 1956 in
520 1907 619 1968 quibus
636 1905 682 1956 hie
699 1905 811 1955 eccidit.
843 1903 944 1954 Mutati
961 1906 1034 1953 enim
1051 1903 1108 1953 iooi
1124 1905 1154 1952 et

96 1974 182 2024 liberi
199 1986 218 2023 u
233 1975 358 2035 periculo
378 1975 463 2037 spatii
482 1977 562 2038 petiti
579 1974 755 2039 significatio,
776 1982 857 2035 qoam
877 1973 1047 2035 praepositio
1066 1971 1154 2035 oddit,

99 2046 126 2093 Ιι.
149 2045 170 2100 1.
194 2043 341 2105 aptissime
366 2046 395 2093 et
420 2046 535 2096 verbnm
556 2045 585 2094 in
611 2044 654 2093 nis
673 2042 879 2094 commentariis
899 2041 1155 2102 frequentissimum

97 2113 153 2161 est.
187 2112 231 2163 (it.
251 2115 283 2176 1,
300 2113 333 2162 31
354 2111 379 2171 S.
397 2114 431 2163 9:
457 2114 489 2164 od
508 2127 571 2164 eom
587 2124 650 2164 rem
667 2125 698 2163 se
717 2125 754 2162 en
774 2110 895 2161 deitate
913 2110 1089 2175 prorupisse.
1115 2107 1167 2159 in:

97 2181 151 2248 5³,
169 2185 202 2232 3:
227 2182 390 2232 nectendam
406 2212 441 2222 -
458 2186 563 2234 noetus
581 2194 617 2233 eo
631 2182 777 2247 profupit.
809 2183 842 2245 2,
868 2175 903 2228 14
919 2178 945 2237 S.
964 2176 998 2228 4:
1026 2176 1155 2243 quietus

95 2249 214 2302 consilii
231 2251 377 2314 principes
398 2251 525 2318 fuissent
543 2277 576 2287 -
594 2252 625 2300 in
641 2250 827 2301 Britanniam
846 2241 1023 2314 prorupisse.
1053 2251 1087 2311 3,
1118 2244 1156 2296 20

96 2321 127 2381 S.
144 2321 177 2369 1:
193 2322 270 2371 uode
283 2320 316 2370 1..
334 2321 453 2371 Mattius
469 2343 503 2355 -
523 2320 713 2387 prorupisset.
733 2321 762 2383 5,
779 2318 813 2368 53
832 2317 858 2377 S.
877 2320 909 2366 2:
930 2315 1154 2367 Indutiomarus

96 2416 133 2429 -
154 2391 242 2440 noctu
260 2389 403 2456 profecit.
428 2391 465 2442 io.
484 2387 535 2452 54,
552 2394 587 2440 2:
612 2389 791 2440 Cavarinum
809 2412 841 2424 -
858 2385 1026 2450 interficere
1042 2384 1154 2449 puoluo
1184 2430 1186 2437 .

97 2459 219 2509 consitio
236 2459 341 2524 eouoti,
360 2472 425 2509 cum
443 2460 492 2510 ille
507 2460 719 2523 praesensisset
738 2468 775 2507 oo
792 2456 991 2520 prorupisset,
1007 2478 1042 2490 -
1061 2467 1156 2518 eupu-

97 2530 211 2580 terun&
227 2531 256 2593 6,
272 2531 291 2577 3
307 2527 333 2587 s.
351 2534 385 2579 2:
401 2531 496 2592 nnus,
514 2541 600 2594 quom
618 2528 662 2577 iili
676 2530 730 2578 out
747 2525 903 2576 conuenire
920 2528 972 2575 out
990 2525 1156 2589 prorupere

96 2599 227 2663 possent.
259 2597 295 2647 io.
312 2594 349 2645 44
365 2598 391 2657 s.
410 2601 442 2646 3:
476 2597 605 2647 nonnulii
622 2596 763 2646 iudicium
780 2594 871 2645 ueriti
890 2595 1100 2658 prosuperuut.
1127 2593 1155 2653 7,

99 2668 134 2715 11
154 2664 180 2726 s.
198 2668 231 2714 6:
253 2679 289 2716 ue
308 2670 397 2716 noctu
416 2679 454 2717 eo>
471 2667 572 2730 oppido
585 2666 791 2730 profuyereot.
810 2663 846 2712 in.
864 2659 912 2728 40,
928 2664 947 2713 7
957 2679 963 2710 2
982 2661 1156 2729 Gergouiam

97 2735 246 2801 prorupit.
270 2735 297 2799 8,
318 2733 334 2784 5
352 2735 378 2797 §.
394 2735 424 2783 1:
440 2735 566 2796 dispersi
583 2734 768 2800 presumunt.
793 2732 829 2780 ib.
848 2731 898 2794 13,
916 2735 949 2780 3:
966 2733 1020 2782 out
1038 2734 1156 2782 -tou-

99 2805 164 2872 qiue
181 2805 395 2871 profugerent.
405 2804 443 2857 ib.
461 2805 511 2869 19,
529 2806 561 2855 7:
580 2816 635 2869 ouo
654 2805 721 2870 sors
740 2802 862 2865 tulerat,
880 2800 1065 2852 consternati
1081 2811 1156 2864 pro-

101 2874 231 2942 sepiunt.

133 2959 161 3020 s.
178 2956 198 3009 4
214 2956 344 3024 inmisso]
375 2954 511 3008 vossii.
534 2959 612 3020 Egm.
630 2957 733 3019 (Bong.
750 2959 801 3016 A.)
817 2955 881 3006 Por.
901 2955 934 3002 A.
953 2965 1010 3003 uon
1028 2950 1107 3002 imm.
1123 2949 1156 3001 iu

97 3031 186 3082 misso
204 3032 275 3080 fluv.
293 3030 328 3081 A.
346 3027 512 3078 intermisso
530 3027 615 3077 Vind.
633 3028 667 3075 A.
686 3026 815 3077 immissu
832 3024 892 3075 Pel.
911 3023 993 3076 Goth.
1013 3021 1045 3071 B.

136 3099 254 3161 inpedit]
282 3097 380 3161 iidem,
399 3096 445 3159 qui
464 3095 593 3158 inmisso,
611 3107 666 3146 uon
684 3093 752 3159 imp.

96 3179 299 3304 &gononum
317 3166 500 3226 interficient]
518 3178 543 3231 o.
560 3163 760 3231 interficietur
777 3163 826 3214 Dr.
842 3162 872 3211 B.
889 3160 950 3227 quis
967 3172 1049 3226 quem
1062 3157 1160 3210 iuter-

166 3238 249 3290 tex.

136 3326 164 3388 s.
181 3322 200 3376 5
217 3322 446 3386 Eporedorigem]
463 3318 688 3386 Eporidoripem
704 3321 790 3381 Bong.
804 3316 839 3366 A.
853 3315 937 3367 voss.
950 3316 986 3364 A.
996 3315 1068 3363 Lon.
1080 3310 1159 3372 ugm.

102 3393 150 3457 „4
171 3390 237 3445 el.“
262 3395 338 3443 Gott.
364 3393 431 3444 Par.
452 3394 484 3441 A.
509 3393 557 3440 Dr.
576 3393 611 3441 A.
639 3390 720 3439 Vret.
738 3385 816 3438 ABG.
845 3387 926 3436 Goth.
945 3384 975 3432 B.
1000 3381 1084 3430 vind.
1104 3378 1159 3428 uu.

103 3464 185 3514 Boron
202 3475 228 3515 a.
246 3464 318 3512 Med.
337 3474 364 3512 n.
383 3463 455 3511 Ven.
474 3463 494 3511 f.
512 3458 729 3525 Epoeidors'qeu
746 3457 807 3505 Pul.
826 3450 1049 3517 Eporideripem
1062 3448 1161 3498 Horeb.

103 3533 337 3598 Eporedoripem
363 3530 448 3583 Viuo.
472 3526 503 3582 C.
529 3529 789 3594 Emporedoripem
812 3522 891 3586 Lips.
916 3523 957 3572 lo.
975 3521 1026 3571 Gr.
1043 3519 1161 3584 Epore-
1262 3558 1265 3564 .

103 3603 173 3656 dor·
192 3617 207 3655 e
224 3604 274 3653 Dr.
296 3602 325 3649 B.

139 3614 350 3728 distinerent]
367 3666 502 3722 esistunt.
520 3669 605 3733 Bong.
623 3668 657 3717 A.
675 3667 761 3718 voss.
777 3666 812 3716 A.
830 3663 909 3728 Egon.
927 3656 991 3710 Por.
1009 3657 1044 3708 A.

120 3843 149 3906 S.
161 3840 181 3894 4
197 3857 232 3893 ne
247 3839 419 3905 quemqnam]
436 3835 488 3898 Qut
502 3847 595 3888 exem.
636 3839 689 3887 bus
707 3834 734 3887 si
748 3835 898 3899 eudonem
910 3831 1003 3880 uotum
1016 3824 1109 3906 esset!¹
1120 3819 1163 3872 nis

67 3915 176 3978 piorum
193 3912 334 3977 paucitate
352 3907 478 3959 commoti
490 3910 540 3958 hoe
552 3907 597 3956 io-
637 3907 705 3957 illud
729 3916 829 3955 novum
847 3900 936 3951 videri
953 3891 1010 3980 nori
1013 3965 1020 3978 .
1028 3897 1162 3959 potuisse,

70 3983 174 4035 usitate
193 3983 293 4034 dietum
314 3991 387 4045 esse,
405 3989 484 4027 usum
502 3985 597 4037 postu·
640 3976 710 4039 qnod
733 3985 815 4037 porro
840 3971 922 4021 etiem
949 3968 1056 4017 Hirtius
1079 3973 1163 4012 osor-

70 4055 132 4106 lure
156 4065 193 4103 ne
219 4061 302 4118 quem
325 4050 437 4111 docent,
468 4058 522 4097 non
539 4059 598 4096 me·
639 4045 719 4111 pavit
736 4044 764 4110 8,
781 4041 817 4094 48
829 4039 854 4101 S.
869 4043 903 4091 9:
921 4039 999 4102 orat,
1014 4036 1053 4085 ut·
1064 4029 1164 4083 timori

68 4120 209 4175 minerouo
233 4120 304 4171 sotis
328 4118 447 4170 usitatae
469 4114 597 4168 dictionis
640 4127 693 4167 suo
716 4112 910 4173 concedatur,
938 4119 975 4170 ne
998 4104 1030 4155 in
1045 4111 1165 4163 eonspe-

65 4191 273 4262 mousson,
288 4199 341 4242 neo
359 4189 520 4255 nputorooo
536 4185 599 4253 qui-
640 4186 722 4238 ctum
738 4182 838 4238 oeniot
849 4178 1018 4244 uinquam
1031 4164 1165 4227 nemost.
