2700 4726
152 305 221 373 lli
413 303 492 373 llll·
515 300 694 372 batto
726 300 977 373 celtico

150 491 297 559 fructum
322 490 484 561 victoriae
508 492 738 582 perciperent,
774 494 847 573 his,
878 492 937 580 qui
971 491 1072 581 primi
1100 513 1238 569 murum

152 578 415 662 ascendissent,
435 583 586 670 praemis
620 580 800 671 proposuit
832 580 1065 668 militibusque
1100 583 1241 668 signum

108 670 129 734 8
152 665 259 737 dedit.
300 666 361 737 Illi
379 667 492 736 subito
514 691 554 737 ax
576 669 730 736 omnibus
751 671 907 758 partibus
930 670 1148 736 evolaverunt
1163 691 1241 735 mu-

148 776 292 842 rumque
319 756 477 824 celeriter
506 760 770 846 compleverunt.
830 758 885 827 28.
923 754 1052 823 Hostes
1079 779 1117 823 re
1146 779 1237 824 nova

126 843 326 933 'perterriti
348 861 443 912 muro
467 846 687 933 turribusque
708 841 831 910 deiecti
853 845 889 910 in
909 843 984 911 loro
1008 866 1047 911 ao
1067 845 1154 912 locis
1173 867 1237 936 pa·

176 1035 270 1090 'Vrtt
287 1031 320 1091 C.
339 1036 422 1095 eoru.
442 1037 472 1087 lt.
489 1032 573 1088 Vind.
591 1035 673 1087 Alll'.
687 1036 765 1088 Rom.
782 1044 808 1085 tt
820 1036 893 1088 bled.
910 1047 936 1085 a.
947 1035 1019 1086 Veu.
1036 1035 1075 1085 bt.
1092 1035 1155 1086 ller.
1168 1033 1240 1087 oud.

186 1105 348 1171 Praesenti,
378 1108 410 1157 ut
428 1094 463 1156 “eb
481 1118 515 1157 eo
531 1102 634 1175 ordiar,
650 1112 803 1169 repugnent
819 1104 1014 1167 circumposita
1030 1103 1156 1167 utrinque
1173 1115 1242 1167 pcr-

182 1174 273 1237 lectus
305 1186 368 1227 narn
392 1174 475 1225 ulem
497 1174 624 1229 ostendit
647 1176 798 1237 perlectum
818 1185 881 1222 erse
898 1173 928 1222 ln
944 1175 1007 1225 edu.
1025 1186 1065 1223 er.
1083 1174 1118 1223 ed
1137 1178 1170 1235 3,
1201 1172 1241 1223 to

180 1244 212 1364 a.
238 1247 253 1294 1
282 1243 484 1306 demonstravi3
515 1255 602 1305 neque
625 1254 711 1295 cause
729 1246 805 1307 eret,
822 1255 872 1293 cnr
889 1241 946 1292 elia
963 1241 1131 1293 narrationls
1146 1242 1240 1294 formu

212 1312 383 1365 stitueretur.
416 1307 506 1377 Ipsum
524 1312 597 1361 enim
615 1311 694 1379 illud,
705 1314 782 1375 qnod
799 1311 858 1362 teri
878 1325 909 1360 se
926 1312 1002 1361 velle
1017 1310 1124 1362 caesar
1139 1318 1239 1361 ostea-

180 1383 269 1445 deret,
288 1384 337 1432 troc
356 1390 427 1445 erat,
445 1383 476 1432 ut
492 1381 615 1444 legiones
633 1382 837 1444 expedirentur.
872 1376 968 1442 ltaque
984 1393 1036 1431 nec
1053 1378 1240 1441 interpuncti-

181 1449 227 1500 onl
244 1451 358 1501 idoneae
377 1456 436 1512 post
454 1449 583 1501 ostendit
600 1452 696 1513 loeus,
724 1453 753 1503 et
768 1451 867 1501 melius
886 1449 1045 1501 continuata
1062 1448 1100 1499 ibi
1117 1461 1168 1511 per
1185 1461 1240 1499 co·

180 1520 282 1581 pulam,
301 1531 381 1583 quem
397 1519 473 1571 finite
489 1522 533 1570 est
549 1520 646 1574 oratio.
680 1520 734 1569 led
751 1522 822 1581 quod
838 1519 899 1569 deri
917 1518 1052 1570 voluisset
1069 1518 1187 1583 Caesar,
1205 1516 1238 1568 id

179 1597 249 1637 vere
265 1588 369 1639 tactum
387 1589 564 1652 legionesque
582 1587 723 1650 expeditas
741 1587 828 1638 fnisse
847 1587 986 1652 explicate
1003 1588 1148 1638 dicendum
1161 1594 1239 1652 erat,

151 1655 337 1721 ,priusquam
367 1658 553 1721 expeditarum
584 1658 733 1709 cohortatio
764 1666 969 1718 proponeretur.
1011 1659 1089 1709 lianc
1112 1656 1146 1707 ob
1176 1668 1238 1706 rem

177 1726 296 1778 ablativi
313 1727 432 1778 absoluti
450 1726 622 1789 prestereudi
639 1725 807 1777 accusativis
826 1727 868 1776 bic
883 1740 939 1777 non
956 1726 1045 1776 minus
1060 1730 1133 1788 sunt,
1152 1736 1238 1789 quam

176 1793 280 1845 dativis
303 1809 330 1847 c.
346 1792 382 1847 ²5
407 1795 434 1856 S.
453 1799 480 1846 a.
515 1796 601 1846 Recte
623 1808 690 1847 vero
707 1796 791 1846 latro
809 1796 876 1846 ilud.
895 1797 930 1846 eb
950 1796 1007 1845 illis
1025 1794 1167 1847 codicibus
1184 1792 1238 1845 lir-

176 1866 278 1915 metutn
296 1865 393 1927 tenuit,
408 1867 479 1929 quod
496 1863 523 1915 iu
543 1867 633 1915 altero
651 1877 753 1927 genere
769 1868 800 1914 ut
815 1865 966 1915 introrsus
983 1878 1008 1915 c.
1028 1868 1062 1915 23
1088 1856 1115 1926 §.
1133 1865 1151 1912 2
1170 1875 1238 1914 cor-

176 1938 286 1995 ruptum
306 1934 404 1985 deinde
422 1933 518 1984 inutile
536 1933 746 1985 addimentum
763 1935 867 1985 castra
879 1943 907 1983 et
924 1933 982 1984 elis
999 1933 1083 1984 traxit
1103 1931 1192 1994 vitis,
1216 1944 1237 1983 u

177 2002 277 2065 quibus
299 2006 392 2055 temen
414 2002 530 2064 optimus
556 2003 617 2052 elue
640 2003 752 2065 generis
777 2003 863 2052 codex
882 2001 1008 2054 immunis
1027 2005 1080 2052 cst.
1115 2000 1236 2052 salustii

175 2072 271 2122 verbis
288 2073 347 2136 lug.
363 2069 414 2134 et,
438 2072 485 2123 ubi
501 2071 607 2123 Murius
624 2072 833 2124 diciturenim
850 2071 949 2122 vineae
966 2084 1111 2139 opressus,
1126 2070 1237 2123 trustra

180 2142 217 2194 ed
235 2144 362 2194 tuendum
379 2143 471 2195 entra
489 2153 568 2192 ustum
584 2153 648 2191 esse
667 2142 864 2192 Hotomaunum
884 2144 969 2204 patet.

139 2313 207 2363 rent
230 2314 304 2375 quod
329 2315 387 2364 tem
405 2313 452 2364 diu
469 2314 565 2363 iacere
581 2324 664 2362 reon·
708 2314 786 2363 tendi
803 2312 964 2378 subiectae,
992 2314 1022 2363 et
1041 2314 1067 2361 b.
1089 2311 1109 2361 l.
1128 2309 1237 2361 milites

137 2387 252 2432 cassem
270 2384 319 2432 eut
335 2383 546 2443 dubitavissent,
565 2385 597 2430 ut
614 2393 664 2443 pro
707 2384 796 2447 magis
808 2395 877 2445 opus
892 2386 955 2433 eret
964 2382 1069 2445 doceri,
1083 2393 1137 2442 quo
1150 2382 1237 2432 modo

137 2450 226 2500 mnus
239 2453 380 2502 laboribus
393 2453 513 2501 fructum
525 2451 664 2500 victoriae
707 2453 749 2500 cis
768 2453 921 2516 egendum,
939 2464 1021 2514 quam
1041 2463 1095 2512 quo
1113 2451 1236 2501 consilio

136 2521 324 2587 perciperent,
335 2520 664 2572 cohorterimilitestlee·
706 2522 818 2571 fortiter
833 2522 1004 2585 pugnandum
1017 2522 1103 2581 esset.
1134 2519 1238 2582 ltaque

136 2598 188 2640 aar
211 2588 267 2639 uisi
292 2603 345 2651 per
368 2590 458 2639 locum
478 2594 526 2640 aut
542 2589 662 2638 ironiam
689 2591 737 2639 ut
761 2604 785 2640 c.
809 2589 844 2639 24
868 2593 895 2650 S.
920 2595 938 2643 2
963 2591 1037 2639 inter
1054 2589 1236 2641 hortaretur

135 2668 192 2710 nou
210 2657 308 2721 potuit.
344 2660 424 2709 linnc
437 2658 524 2721 igitur
540 2670 662 2721 sensum,
705 2663 734 2708 et
751 2673 787 2711 ne
805 2661 936 2709 omissum
954 2661 1073 2709 vidimus
1093 2661 1128 2709 ut
1144 2670 1237 2711 cauc-

93 2752 96 2758 ·
136 2726 184 2790 qui
208 2728 302 2777 inesse
326 2728 356 2778 ln
383 2729 476 2777 verbis
505 2727 662 2792 videbatur,
706 2732 785 2795 rent,
802 2729 843 2779 ita
860 2730 905 2779 liic
921 2729 997 2779 inter
1012 2727 1187 2779 colonatus
1204 2731 1236 2779 et

137 2797 312 2847 declinantes
329 2796 380 2848 alil
396 2796 558 2859 imperfecto
574 2808 662 2846 cone·
705 2801 740 2848 ct
760 2800 904 2849 audiemus
923 2802 959 2850 ut
975 2810 1095 2860 operum
1111 2799 1234 2864 dormi,

136 2869 194 2915 tum
210 2866 364 2930 significari
382 2868 555 2925 statueruut3
573 2878 663 2927 neque
705 2869 778 2930 quod
794 2870 1012 2931 supplementum
1030 2880 1087 2917 non
1103 2867 1235 2928 precari-

133 2933 246 2997 litnale,
260 2937 284 2984 si
292 2937 404 2986 abesset
413 2935 577 3001 aliquando,
590 2936 663 2996 quod
705 2948 760 2997 unt,
775 2939 999 2997 quemadmodum
1013 2938 1090 3002 illud,
1104 2949 1158 2998 quo
1174 2937 1234 2986 uti-

68 3052 71 3057 ,
133 3004 170 3054 ed
181 3005 370 3068 perciperent
383 3010 514 3068 spectans
529 3006 661 3055 adsolem
705 3014 750 3056 tur
767 3008 930 3071 bibemus,
953 3008 1003 3057 sed
1019 3007 1235 3066 coniunctionis,

133 3075 340 3137 perceptionem
357 3076 509 3125 seiunctam
527 3087 545 3124 e
558 3075 660 3124 conatu
704 3087 775 3139 quae
788 3077 923 3143 sequitur,
935 3079 1052 3126 naturae
1064 3088 1119 3126 uon
1128 3077 1233 3141 miuus,

132 3146 237 3194 reterri
254 3144 359 3208 nequit,
377 3146 413 3195 ad
428 3147 555 3195 conatum
569 3144 661 3193 eutem
703 3158 786 3209 quam
803 3147 873 3196 illud
893 3159 916 3195 o.
936 3143 973 3195 24
991 3145 1111 3195 debitum
1129 3149 1185 3196 eat.

132 3214 304 3276 percipiendi
332 3214 452 3264 relatum
479 3214 660 3264 incommodi·
755 3215 863 3277 signum
876 3215 964 3275 dedit]
981 3216 1049 3264 tubo
1061 3213 1166 3264 eddidit
1174 3215 1231 3264 Pe-

133 3285 219 3334 tatem
236 3296 337 3334 sensus
355 3296 409 3334 nou
427 3283 519 3346 tollit;
544 3284 658 3333 Diibue-
702 3284 816 3333 trerclm
835 3287 884 3348 16,
903 3286 939 3336 38
956 3286 990 3332 de
1007 3296 1073 3350 suo,
1092 3286 1142 3333 sed
1160 3296 1229 3345 pro·

132 3364 182 3404 rus
201 3353 297 3404 verbis
315 3352 584 3417 stt—perciperent
602 3364 657 3402 uon
702 3351 839 3403 hebiliter.
875 3353 918 3403 ct.
943 3354 1118 3417 asnede,
1145 3354 1182 3404 20
1198 3352 1226 3415 S.

131 3426 323 3487 argumentum
331 3423 466 3474 orationis
475 3422 656 3485 cohortantis,
699 3423 808 3473 lextr.

131 3488 182 3541 se'tt
198 3493 270 3543 illud
286 3492 406 3543 indicerl
424 3492 580 3557 contendit,
603 3503 656 3552 quo
750 3491 777 3550 S.
794 3496 811 3542 ³
829 3505 864 3540 ex
883 3491 1007 3542 omnibus
1025 3493 1165 3556 partibus]
1183 3493 1227 3544 Cf.

132 3560 237 3612 milltes
253 3565 284 3612 ut
297 3563 517 3626 obsequerentur
528 3565 657 3611 coborte-
699 3561 763 3611 adn.
785 3572 825 3609 cr.
842 3561 878 3610 ed
896 3561 923 3624 5,
943 3563 977 3612 17
993 3561 1020 3622 S.
1040 3565 1066 3612 2.

131 3630 212 3694 tlonl,
230 3631 330 3681 adduci
349 3630 507 3682 debuerint:
525 3631 656 3680 coborta-
750 3628 818 3691 cap.
837 3629 880 3679 28.
900 3631 925 3691 s.
946 3634 960 3680 l
981 3630 1129 3693 perterriti
1146 3643 1227 3681 muro

130 3698 233 3750 tiorum
247 3698 335 3761 ipsum
348 3714 399 3763 per
407 3714 438 3750 se
448 3701 656 3764 intelligendam
698 3725 733 3737 -
745 3699 845 3748 deiecti
863 3700 892 3747 iu
911 3701 1014 3749 foro-
1023 3701 1226 3759 constiterunt]

27 3779 31 3787 ·
131 3770 202 3817 benc
220 3781 294 3833 esse,
313 3773 343 3819 ut
358 3772 473 3824 fortiter
490 3772 656 3833 pugnarent,
697 3769 766 3819 cum
782 3781 876 3819 cerum
891 3782 994 3834 rerum,
1013 3782 1084 3832 quae
1100 3772 1226 3827 hostibus

130 3840 160 3887 et
183 3837 295 3888 fortiter
326 3839 362 3887 iis
392 3839 568 3907 pugnandum
590 3837 654 3888 idco
697 3838 835 3889 eccidisse
853 3839 990 3903 dicuutur,
1006 3852 1063 3890 uon
1076 3841 1172 3891 eadem
1187 3839 1226 3889 sit

130 3919 195 3958 esee
212 3907 398 3959 demonstrari
417 3910 592 3969 accesere,
619 3909 655 3959 ut
697 3909 829 3969 temporis
848 3909 936 3972 ratio,
966 3909 1017 3957 sed
1036 3910 1152 3970 primum
1174 3921 1224 3958 eos

129 3976 362 4041 -perctperent
397 3978 439 4029 Ne
456 3980 486 4028 id
498 3979 605 4041 quidem
618 3977 654 4026 ed
696 3979 878 4040 perterritos.
909 3976 1008 4026 deinde
1032 3976 1224 4040 ipso'terrore

128 4059 241 4096 sensum
257 4045 394 4110 ineptum
426 4049 475 4098 sed
493 4051 585 4098 tamen
601 4059 653 4097 nec
696 4050 814 4111 urgente
831 4047 953 4096 deiectos
968 4060 1031 4096 esse
1045 4047 1224 4112 cogitandum

128 4116 246 4179 reliquis
259 4116 330 4167 locis
343 4117 655 4182 consiliumsiguificant
695 4117 751 4181 eit,
782 4116 859 4179 prius
885 4115 1060 4178 perticipium
1078 4121 1113 4168 ab
1131 4117 1224 4167 altero

127 4188 163 4239 ut
175 4191 204 4239 et
215 4199 251 4241 nc
263 4185 474 4240 coniunctiones
487 4187 654 4239 verblsbor-
696 4199 751 4241 nou
764 4186 867 4253 megin
878 4198 960 4249 quen
968 4187 1224 4279 boceverboinito
