2700 4726
472 286 683 377 crnvu.
724 288 914 361 cunm
1169 301 1238 367 sor

145 492 237 565 ques
258 493 335 540 euru
350 450 612 560 destinaverant,
636 477 814 544 momentis
830 483 1000 551 introrsus
1015 483 1237 563 reducebant,

145 572 182 632 ct
210 578 368 650 aggerem
399 566 566 633 cuniculis
595 565 840 633 subtrahebant
862 592 902 636 eo
924 572 1108 658 scientius,
1145 573 1237 662 quod

144 652 238 741 apud
267 670 328 718 eos
343 670 489 740 magnae
510 662 591 721 aunt
612 654 777 721 ferrariae
800 664 904 744 atque
925 681 1023 728 omne
1046 683 1151 746 genus
1176 683 1235 727 ou-

144 740 338 807 nioulorum
374 751 490 808 uotum
519 750 622 830 atque
650 743 815 811 usitatum
845 751 912 816 est.
962 747 1090 816 Tolum
1121 727 1280 817 autem⁸

214 919 244 983 ς.
262 920 281 968 2
300 915 526 978 destinaverant]
542 917 759 972 distineoeroot
775 922 847 973 And.
863 923 969 986 „Voss
987 921 1080 977 unus“
1099 925 1183 976 voss.
1199 927 1235 976 Α.

177 990 258 1054 Egu.
280 988 363 1038 Febr.
383 986 449 1037 Por.
467 989 499 1037 Δ.
516 999 574 1037 sce.
592 990 736 1040 Achuintr.
761 990 961 1047 diutioneront
978 996 1088 1046 codices
1108 994 1234 1047 nonnulli
1262 999 1265 1019 ¹

177 1071 238 1109 sec.
257 1057 299 1108 cl.
319 1051 401 1107 Vesc.
420 1056 470 1108 (ir.
489 1059 514 1106 lo.
532 1055 649 1126 (lircil.)
666 1060 868 1113 destiotoernnt
885 1064 968 1115 Vino.
983 1067 1010 1113 ll.
1028 1065 1234 1117 destinaverat

175 1128 239 1179 Pal.
256 1126 342 1178 Goth.
361 1126 391 1174 ll.
408 1127 667 1181 demostrcoeront
688 1128 784 1181 llahb.
802 1130 846 1182 cl.
863 1133 936 1183 adn:
947 1145 989 1185 or.
1008 1135 1044 1184 ad
1061 1136 1088 1198 u,
1105 1133 1142 1185 14
1160 1133 1187 1194 8.
1205 1137 1230 1184 6.

176 1199 266 1250 necte
284 1198 352 1245 niet.
371 1189 557 1260 κατασχόντες.

207 1266 296 1328 apud]
315 1267 385 1326 apoc
402 1265 451 1317 Dr.
470 1267 502 1315 ll.
519 1267 701 1330 apolline.
719 1266 767 1331 qul
783 1266 856 1320 idem
875 1270 901 1333 1,
924 1269 1107 1331 asilum.
1124 1283 1168 1332 pr.
1185 1285 1237 1321 cx-

179 1336 266 1386 linet.
308 1334 462 1386 Praetereo
480 1337 513 1399 1,
537 1334 598 1395 28.
620 1341 635 1388 1
656 1336 684 1387 io
703 1340 788 1388 Bono.
808 1340 838 1387 et
859 1341 890 1404 1,
918 1340 953 1390 50
970 1341 998 1400 8.
1014 1337 1032 1391 4
1050 1340 1080 1390 in
1099 1340 1182 1391 Vino.
1202 1344 1238 1392 A.

179 1406 289 1469 legitur
306 1406 395 1470 aput,
427 1406 457 1456 in
479 1403 597 1467 reliquis
616 1406 682 1456 loelli
700 1408 774 1459 Gall.
793 1407 882 1474 locis,
910 1411 957 1473 qui
977 1410 1239 1477 undequadraginta

178 1478 257 1539 sunt,
276 1475 389 1526 codices
407 1472 437 1524 in
456 1474 535 1539 opud
551 1477 710 1528 consentire
724 1478 862 1529 videntur.
1311 1504 1312 1508 ,

138 1614 238 1679 olore,
261 1621 333 1676 qnae
351 1608 417 1661 dicio
436 1625 500 1662 esse
519 1616 665 1665 adversum
708 1612 785 1682 (Ciu.
802 1618 836 1682 2,
855 1617 873 1665 9
891 1611 918 1674 8.
936 1613 962 1666 5.
994 1617 1028 1680 3,
1045 1613 1078 1667 51
1120 1614 1172 1666 ,8.
1192 1615 1237 1680 56,
1335 1670 1340 1685 ,

138 1685 244 1735 amelec
257 1684 305 1732 vel
318 1683 410 1748 falces
421 1684 551 1740 remedia.
572 1686 666 1746 Neque
709 1685 750 1746 1.)
770 1686 856 1735 semel
874 1685 990 1736 chordas
1009 1686 1090 1734 seni
1126 1698 1157 1735 ea
1175 1696 1235 1735 ma-

137 1754 288 1802 eecondum
307 1764 351 1814 ee,
372 1762 441 1814 qnae
459 1751 564 1803 caesar
582 1756 665 1817 poulo
709 1752 846 1804 cliinnrnm
866 1753 941 1819 dicit,
962 1753 1023 1804 Ciu.
1043 1757 1068 1819 ³,
1085 1754 1104 1805 9
1124 1754 1150 1815 8.
1168 1757 1185 1804 3
1203 1756 1237 1804 de

138 1830 201 1885 poso
219 1831 247 1874 ς’.
265 1823 302 1871 23
319 1818 347 1880 8.
361 1820 378 1872 5
395 1822 429 1870 oe
448 1822 533 1872 muris
548 1821 666 1872 sallinis
709 1821 920 1873 salonenslbus:
937 1823 1097 1885 praesectis
1110 1823 1238 1876 omnium

137 1893 236 1957 refert,
257 1892 357 1940 deerat
373 1890 461 1956 ratio,
477 1904 528 1941 cnr·
547 1892 665 1942 leloinus
709 1892 865 1944 mulierum
884 1893 1012 1942 minione
1027 1896 1176 1945 tormento
1187 1894 1236 1958 ef-

138 1961 240 2024 potios,
258 1972 339 2020 quem
354 1959 486 2010 unedone
503 1960 601 2011 inulae
617 1973 666 2020 oo·
711 1963 858 2026 fecerunt·
894 1961 991 2024 leoque
1002 1965 1097 2012 Morus
1110 1964 1154 2014 hic
1168 1976 1237 2025 quo-

138 2029 307 2095 pognatione
330 2030 462 2079 uteretur.
497 2030 552 2078 Sed
575 2038 666 2080 tamen
709 2043 762 2094 que
785 2031 922 2091 tumente
948 2031 1140 2090 suspicabatur
1165 2043 1236 2083 eon·

138 2103 166 2151 et
187 2101 392 2149 Aduetoeornm
415 2098 443 2148 ln
461 2096 556 2149 Gallio
573 2109 666 2148 muros
710 2101 807 2152 tortos
826 2101 914 2166 foues
926 2097 1091 2161 significare.
1126 2102 1179 2150 sed
1194 2102 1237 2151 la·

138 2183 200 2220 eum
218 2166 582 2218 arietetentaturumiuisse
596 2167 667 2229 legi·
710 2181 795 2231 queos
819 2168 883 2220 illos
907 2168 972 2230 quid
988 2169 1064 2219 uliud
1079 2166 1167 2219 fuisse
1185 2182 1238 2229 pu·
1306 2202 1310 2207 -

137 2241 250 2304 must,
270 2236 351 2298 318.
373 2240 406 2303 1,
431 2244 459 2285 et
477 2237 566 2288 laloes
585 2235 665 2287 novi·
709 2241 800 2290 lomus
828 2236 883 2288 niel
906 2237 988 2287 iones
1014 2239 1060 2288 vel
1083 2239 1238 2299 duplicatos

139 2320 200 2359 nus
224 2318 279 2356 noo
306 2308 393 2357 solum
422 2307 457 2356 cd
484 2307 667 2356 extrahendos
710 2309 756 2358 vel
777 2309 812 2358 ab
830 2307 884 2357 imo
903 2305 1017 2357 inflexos
1038 2315 1066 2357 et
1085 2308 1237 2372 revinctos,

139 2378 173 2429 de
197 2375 287 2427 muris
310 2372 431 2438 lapides,
461 2377 510 2424 sed
532 2375 666 2426 etiamad
710 2377 807 2438 qulbus
824 2376 913 2428 falces
931 2385 1096 2438 caperentur
1109 2383 1138 2426 et
1151 2389 1238 2426 aver·

139 2446 324 2510 oemrgoeooa
349 2444 447 2507 pinnas
475 2447 667 2507 necandusque
709 2449 833 2497 serentur
848 2456 1018 2508 eversaeque
1036 2446 1238 2496 destinarentur

137 2512 243 2580 muros3
259 2515 297 2564 ad
313 2515 392 2565 coria
405 2523 433 2563 eo
450 2513 507 2564 alie
520 2515 668 2578 tegimenta
710 2524 790 2581 etque
807 2514 932 2567 immotae
946 2509 1127 2567 tenerentur?
1162 2518 1238 2576 Ques

138 2586 307 2637 deludendo
339 2584 476 2634 olnloltaa
507 2595 581 2637 csse.
623 2583 667 2634 Ol.
710 2584 736 2634 sl
751 2585 849 2635 deinde
866 2583 983 2650 reciduo
999 2584 1071 2636 intra
1084 2599 1178 2638 muros
1192 2597 1239 2634 re-

138 2655 323 2716 praeterlsis.
337 2654 383 2717 38,
400 2652 417 2705 5
432 2651 459 2712 8.
474 2653 492 2704 8
505 2654 535 2702 et
545 2650 573 2718 4,
589 2666 667 2715 quem
709 2652 774 2705 duci
786 2654 953 2721 audiremus,
966 2666 1052 2705 novos
1063 2657 1141 2706 nobis
1156 2657 1238 2705 ineos

138 2725 230 2776 locutu
254 2725 290 2774 ael
314 2725 348 2786 e,
377 2721 413 2775 14
434 2718 497 2788 §.5
520 2722 667 2788 adscripsi,
709 2736 772 2776 cnm
797 2724 904 2786 loquela
929 2725 1071 2786 copulatos
1088 2726 1192 2788 lingere
1210 2727 1238 2774 et

139 2794 286 2856 Annianus
304 2794 380 2844 Rom.
400 2792 461 2843 uiso
480 2791 506 2848 7.
525 2794 575 2843 ³³:
605 2784 667 2856 dpa-
709 2793 860 2845 sollertiam
874 2794 1014 2844 Gallorum
1032 2794 1172 2856 requirere
1189 2806 1238 2844 eo-

138 2860 241 2917 mirooe
259 2856 422 2915 dedentium
433 2855 558 2918 ἐπάλξεις
572 2875 601 2910 ee
614 2876 668 2912 κοι-
710 2875 855 2926 geremur3
886 2862 1031 2913 contortis
1049 2872 1137 2913 nutem
1156 2861 1238 2927 fum-

139 2932 236 2998 etoooa
257 2935 307 2984 aui
336 2927 369 2984 ed
395 2928 481 2996 τοῖχος
503 2925 668 2996 ἀπεγύμνου.
710 2933 760 2983 bna
784 2931 879 2982 reduci
895 2932 1039 2983 audientes
1058 2933 1140 2983 etiarn
1158 2932 1238 2983 dnbi-

139 3004 169 3053 et
186 3001 221 3070 8,
247 3005 298 3053 16ς
328 2999 415 3067 κριοῖς
432 2996 465 3051 ed
487 2991 669 3079 cotzos-fl·
709 3004 770 3052 tare
788 3001 922 3067 cogimur,
940 3014 976 3053 eu
994 3001 1085 3064 laquel
1104 3015 1157 3052 non
1175 3002 1238 3050 luc-

141 3088 222 3125 πςοιν
240 3067 387 3137 δρεπάνοις
402 3084 433 3122 ιι
450 3062 682 3130 menandrianos
710 3070 767 3122 rint
791 3071 917 3122 contorti.
958 3071 1106 3121 Praeterea
1129 3069 1238 3120 deside-

138 3130 242 3210 ρι’ροαὶ
258 3144 323 3207 περὶ
335 3133 403 3192 niso*
416 3142 463 3193 otei
478 3133 549 3189 ailla
564 3153 669 3188 οιιιποι·
687 3146 689 3153 ’
711 3153 805 3191 ramus
823 3139 981 3192 adminiculi
1000 3139 1239 3204 significationem,

138 3208 241 3279 wione
252 3198 296 3276 ἦν.
307 3213 336 3260 et
347 3211 484 3261 adversus
499 3209 551 3257 lios
565 3216 670 3271 quoque
710 3221 764 3273 quo
781 3209 924 3270 nominum,
941 3208 986 3272 qui
1004 3211 1094 3260 falces
1115 3208 1239 3259 avertis-

140 3280 250 3347 lcqoeie
275 3293 340 3331 unos
364 3293 427 3329 esse
449 3278 580 3331 obsessos
598 3278 670 3326 idem
712 3287 774 3329 sent
790 3289 826 3328 ne
840 3278 1039 3345 destinassent,
1059 3278 1134 3328 vires
1152 3289 1241 3341 nuge-

140 3354 287 3413 Apolcnno
300 3357 415 3400 norror:
431 3343 539 3416 βρόχοις
554 3341 590 3399 ed
607 3341 670 3413 oot-
711 3357 807 3400 rentur
823 3349 911 3412 Meo,
934 3350 963 3398 nt
980 3350 1089 3399 easdem
1107 3349 1240 3398 reducere

141 3438 222 3472 πονο
252 3413 408 3482 περιέσπων
433 3427 461 3468 et
486 3413 522 3469 τοὶ
545 3411 671 3484 δρέπανα
713 3425 835 3481 posenno.
886 3419 981 3480 ltaque
1006 3418 1155 3470 tormento
1178 3428 1241 3467 oum

140 3484 250 3558 βρόχοις
263 3481 399 3556 παρῆγον.
419 3489 606 3538 Αιαιίοοπιαι
619 3495 671 3534 eu·
713 3486 806 3550 Lipsio
826 3486 945 3539 Polione·
969 3486 1002 3551 5,
1026 3488 1045 3540 8
1063 3485 1241 3547 interpretari

141 3571 198 3610 cem
216 3566 308 3609 torres
327 3557 493 3608 instruxisse
507 3556 592 3607 muris
606 3565 671 3604 eas·
713 3562 837 3620 praestat
868 3556 1022 3617 manninas,
1054 3555 1151 3618 quales
1177 3556 1240 3606 snut

141 3640 197 3692 que
215 3627 301 3679 corilo
317 3625 451 3678 detexisse
470 3624 494 3684 8.
508 3630 525 3676 ³
543 3625 670 3677 trooitor.
714 3629 829 3690 ergetce
844 3621 901 3688 (cl,
911 3627 1023 3677 vitruv.
1039 3626 1083 3689 10,
1103 3627 1137 3676 16
1150 3622 1176 3683 8.
1192 3620 1242 3689 12)

141 3698 190 3749 Sic
215 3695 317 3748 dubius
342 3699 368 3750 ln.
389 3698 408 3752 l,
432 3695 593 3759 relinquitur
617 3696 673 3747 iul-
716 3709 766 3746 sen
784 3695 923 3745 trochleae
931 3708 941 3756 3
964 3705 1035 3756 quoe
1053 3693 1241 3755 interpretatio

140 3767 217 3819 cium
236 3778 314 3818 usus.
715 3777 803 3829 neque
828 3767 864 3817 alr
881 3763 986 3826 origiue
1006 3763 1136 3814 vocabuli
1154 3775 1241 3824 neque

195 3833 482 3891 tormentisintrorsns
493 3831 672 3902 reducebant]
716 3837 750 3886 eb
768 3846 821 3885 usu
835 3831 997 3897 sedulorum
1012 3835 1148 3885 abhorret.
1181 3830 1241 3882 Pli-
1333 3853 1335 3858 ·

143 3906 303 3959 Τοςιιιςιιΐιι
314 3904 420 3957 Geesur
438 3904 595 3968 plerumque
613 3916 675 3955 me-
715 3903 778 3955 nius
802 3903 865 3956 Nol.
890 3902 954 3954 laist.
977 3900 1012 3954 sl
1034 3903 1062 3964 8.
1079 3902 1114 3952 89
1131 3900 1191 3952 sill.
1207 3903 1242 3952 de

144 3977 264 4040 comas,
298 3975 396 4037 quiens
427 3977 485 4026 telo
513 3983 675 4038 torquentur
716 3973 821 4025 Perille
845 3972 917 4025 tauri
936 3971 1055 4024 nroilce:
1087 3970 1143 4022 lonc
1162 3969 1242 4022 o'si-

145 4043 189 4113 (2,
208 4046 229 4099 8
246 4047 273 4106 8.
291 4046 317 4097 2.
350 4043 613 4107 4‚2os.1ot2.
645 4044 677 4109 7,
716 4041 855 4094 macerie
886 4044 1009 4094 deornm
1040 4040 1242 4105 nominumque

144 4114 220 4177 418
248 4118 276 4170 ὅ.
292 4114 347 4181 81,
369 4113 396 4167 5.
420 4114 481 4166 Gis.
501 4118 533 4180 1,
552 4113 586 4164 17
603 4112 630 4173 8.
648 4119 674 4166 3.
716 4114 913 4165 devocaverat
932 4109 1168 4163 insonuissimom
1186 4120 1241 4159 αι·-
1343 4128 1347 4143 ¹

146 4189 177 4251 2,
191 4189 211 4239 1
227 4185 257 4251 8.
272 4181 679 4250 imi->mumumteleioso
719 4184 792 4238 tem:
823 4182 887 4237 ideo
916 4184 962 4237 tot
989 4178 1158 4237 cdndilom
1180 4177 1242 4233 eins
