<?xml version="1.0" encoding="UTF-8"?>
<!DOCTYPE html PUBLIC "-//W3C//DTD XHTML 1.0 Transitional//EN"
    "http://www.w3.org/TR/xhtml1/DTD/xhtml1-transitional.dtd">
<html xmlns="http://www.w3.org/1999/xhtml" xml:lang="en" lang="en">
 <head>
  <title>
</title>
<meta http-equiv="Content-Type" content="text/html;charset=utf-8" />
  <meta name='ocr-system' content='tesseract 3.04.00' />
  <meta name='ocr-capabilities' content='ocr_page ocr_carea ocr_par ocr_line ocrx_word'/>
</head>
<body>
  <div class='ocr_page' id='page_1' title='image "./commentariidebe00schngoog_0262.png"; bbox 0 0 2700 4726; ppageno 0'>
   <div class='ocr_carea' id='block_1_1' title="bbox 374 289 1211 373">
    <p class='ocr_par' dir='ltr' id='par_1_1' title="bbox 374 289 1211 373">
     <span class='ocr_line' id='line_1_1' title="bbox 374 289 1211 373; baseline 0.013 -16"><span class='ocrx_word' id='word_1_1' title='bbox 374 338 377 343; x_wconf 63' lang='grc'><strong><em>»</em></strong></span> <span class='ocrx_word' id='word_1_2' title='bbox 446 289 555 373; x_wconf 73' lang='grc' dir='ltr'><strong>ΗΒ.</strong></span> <span class='ocrx_word' id='word_1_3' title='bbox 577 290 678 363; x_wconf 80' lang='lat' dir='ltr'><strong>vin·</strong></span> <span class='ocrx_word' id='word_1_4' title='bbox 701 290 822 364; x_wconf 74' lang='grc' dir='ltr'><strong>ΟΑΡ.</strong></span> <span class='ocrx_word' id='word_1_5' title='bbox 850 297 895 365; x_wconf 84' lang='grc'><strong>73</strong></span> <span class='ocrx_word' id='word_1_6' title='bbox 1143 301 1211 369; x_wconf 76' lang='grc'><strong>673</strong></span> 
     </span>
    </p>
   </div>
   <div class='ocr_carea' id='block_1_2' title="bbox 118 473 1249 826">
    <p class='ocr_par' dir='ltr' id='par_1_2' title="bbox 118 473 1249 826">
     <span class='ocr_line' id='line_1_2' title="bbox 118 473 1208 570; baseline 0.01 -29"><span class='ocrx_word' id='word_1_7' title='bbox 118 473 336 542; x_wconf 78' lang='lat' dir='ltr'><strong>fodiebantur</strong></span> <span class='ocrx_word' id='word_1_8' title='bbox 371 479 534 565; x_wconf 82' lang='lat' dir='ltr'><strong>paulatim</strong></span> <span class='ocrx_word' id='word_1_9' title='bbox 572 481 768 566; x_wconf 78' lang='lat' dir='ltr'><strong>angustiore</strong></span> <span class='ocrx_word' id='word_1_10' title='bbox 805 481 848 548; x_wconf 87' lang='lat' dir='ltr'><strong>ad</strong></span> <span class='ocrx_word' id='word_1_11' title='bbox 877 482 1026 550; x_wconf 88' lang='lat' dir='ltr'><strong>intimum</strong></span> <span class='ocrx_word' id='word_1_12' title='bbox 1055 484 1208 570; x_wconf 81' lang='lat' dir='ltr'><strong>fastigio.</strong></span> 
     </span>
     <span class='ocr_line' id='line_1_3' title="bbox 118 563 1249 660; baseline 0.012 -32"><span class='ocrx_word' id='word_1_13' title='bbox 118 563 197 629; x_wconf 89' lang='lat' dir='ltr'><strong>Huc</strong></span> <span class='ocrx_word' id='word_1_14' title='bbox 216 572 340 630; x_wconf 82' lang='lat' dir='ltr'><strong>teretes</strong></span> <span class='ocrx_word' id='word_1_15' title='bbox 358 567 496 654; x_wconf 71' lang='lat' dir='ltr'><strong>stipitee</strong></span> <span class='ocrx_word' id='word_1_16' title='bbox 512 570 647 636; x_wconf 82' lang='lat' dir='ltr'><strong>feminis</strong></span> <span class='ocrx_word' id='word_1_17' title='bbox 663 570 890 637; x_wconf 76' lang='lat' dir='ltr'><strong>crassitudine</strong></span> <span class='ocrx_word' id='word_1_18' title='bbox 904 573 947 637; x_wconf 84' lang='lat' dir='ltr'><strong>ab</strong></span> <span class='ocrx_word' id='word_1_19' title='bbox 963 593 1093 638; x_wconf 79' lang='lat' dir='ltr'><strong>summo</strong></span> <span class='ocrx_word' id='word_1_20' title='bbox 1109 594 1205 660; x_wconf 81' lang='lat' dir='ltr'><strong>pree·</strong></span> <span class='ocrx_word' id='word_1_21' title='bbox 1227 580 1249 643; x_wconf 88' lang='lat'><strong>6</strong></span> 
     </span>
     <span class='ocr_line' id='line_1_4' title="bbox 118 651 1204 747; baseline 0.008 -30"><span class='ocrx_word' id='word_1_22' title='bbox 118 651 211 717; x_wconf 87' lang='lat' dir='ltr'><strong>acuti</strong></span> <span class='ocrx_word' id='word_1_23' title='bbox 239 657 274 716; x_wconf 86' lang='lat' dir='ltr'><strong>et</strong></span> <span class='ocrx_word' id='word_1_24' title='bbox 302 656 455 738; x_wconf 82' lang='lat' dir='ltr'><strong>praeunti</strong></span> <span class='ocrx_word' id='word_1_25' title='bbox 489 654 755 725; x_wconf 75' lang='lat' dir='ltr'><strong>demittebantur</strong></span> <span class='ocrx_word' id='word_1_26' title='bbox 786 659 854 740; x_wconf 86' lang='lat' dir='ltr'><strong>ite,</strong></span> <span class='ocrx_word' id='word_1_27' title='bbox 890 668 930 724; x_wconf 90' lang='lat' dir='ltr'><strong>ut</strong></span> <span class='ocrx_word' id='word_1_28' title='bbox 958 681 1024 727; x_wconf 89' lang='lat' dir='ltr'><strong>non</strong></span> <span class='ocrx_word' id='word_1_29' title='bbox 1058 652 1204 747; x_wconf 81' lang='lat' dir='ltr'><strong>emplius</strong></span> 
     </span>
     <span class='ocr_line' id='line_1_5' title="bbox 118 737 1248 826; baseline 0.012 -22"><span class='ocrx_word' id='word_1_30' title='bbox 118 737 237 825; x_wconf 78' lang='lat' dir='ltr'><strong>digitis</strong></span> <span class='ocrx_word' id='word_1_31' title='bbox 259 749 426 826; x_wconf 87' lang='lat' dir='ltr'><strong>quattuor</strong></span> <span class='ocrx_word' id='word_1_32' title='bbox 442 765 482 809; x_wconf 83' lang='lat' dir='ltr'><strong>ox</strong></span> <span class='ocrx_word' id='word_1_33' title='bbox 504 753 597 813; x_wconf 84' lang='lat' dir='ltr'><strong>terra</strong></span> <span class='ocrx_word' id='word_1_34' title='bbox 617 746 814 816; x_wconf 85' lang='lat' dir='ltr'><strong>eminerent.</strong></span> <span class='ocrx_word' id='word_1_35' title='bbox 857 743 967 814; x_wconf 90' lang='lat' dir='ltr'><strong>Simul</strong></span> <span class='ocrx_word' id='word_1_36' title='bbox 985 747 1205 815; x_wconf 86' lang='lat' dir='ltr'><strong>confirmandi</strong></span> <span class='ocrx_word' id='word_1_37' title='bbox 1226 757 1248 819; x_wconf 84' lang='grc'><strong>7</strong></span> 
     </span>
    </p>
   </div>
   <div class='ocr_carea' id='block_1_3' title="bbox 143 941 1317 3292">
    <p class='ocr_par' dir='ltr' id='par_1_3' title="bbox 143 941 1317 2941">
     <span class='ocr_line' id='line_1_6' title="bbox 151 941 1203 1019; baseline 0.01 -26"><span class='ocrx_word' id='word_1_38' title='bbox 151 941 232 995; x_wconf 89' lang='lat' dir='ltr'><strong>Vind.</strong></span> <span class='ocrx_word' id='word_1_39' title='bbox 253 948 287 996; x_wconf 98' lang='lat' dir='ltr'><strong>A.</strong></span> <span class='ocrx_word' id='word_1_40' title='bbox 312 945 343 998; x_wconf 88' lang='lat' dir='ltr'><strong>in</strong></span> <span class='ocrx_word' id='word_1_41' title='bbox 365 949 524 1004; x_wconf 74' lang='lat' dir='ltr'><strong>altitudine</strong></span> <span class='ocrx_word' id='word_1_42' title='bbox 542 953 635 1004; x_wconf 81' lang='lat' dir='ltr'><strong>trium</strong></span> <span class='ocrx_word' id='word_1_43' title='bbox 657 953 763 1018; x_wconf 81' lang='lat' dir='ltr'><strong>pedum</strong></span> <span class='ocrx_word' id='word_1_44' title='bbox 787 952 849 1019; x_wconf 72' lang='lat' dir='ltr'><strong>rod.</strong></span> <span class='ocrx_word' id='word_1_45' title='bbox 867 953 939 1004; x_wconf 78' lang='lat' dir='ltr'><strong>ilar.</strong></span> <span class='ocrx_word' id='word_1_46' title='bbox 958 956 993 1003; x_wconf 92' lang='lat' dir='ltr'><strong>A.</strong></span> <span class='ocrx_word' id='word_1_47' title='bbox 1021 956 1086 1006; x_wconf 82' lang='lat' dir='ltr'><strong>trec</strong></span> <span class='ocrx_word' id='word_1_48' title='bbox 1102 956 1134 1005; x_wconf 88' lang='lat' dir='ltr'><strong>in</strong></span> <span class='ocrx_word' id='word_1_49' title='bbox 1151 956 1203 1004; x_wconf 89' lang='lat' dir='ltr'><strong>cit.</strong></span> 
     </span>
     <span class='ocr_line' id='line_1_7' title="bbox 150 1016 1204 1089; baseline 0.006 -23"><span class='ocrx_word' id='word_1_50' title='bbox 150 1017 255 1077; x_wconf 79' lang='lat' dir='ltr'><strong>pedum</strong></span> <span class='ocrx_word' id='word_1_51' title='bbox 273 1016 334 1084; x_wconf 70' lang='lat' dir='ltr'><strong>rod.</strong></span> <span class='ocrx_word' id='word_1_52' title='bbox 355 1020 438 1071; x_wconf 86' lang='lat' dir='ltr'><strong>vind.</strong></span> <span class='ocrx_word' id='word_1_53' title='bbox 456 1021 489 1073; x_wconf 77' lang='lat' dir='ltr'><strong>ii.</strong></span> <span class='ocrx_word' id='word_1_54' title='bbox 514 1025 577 1075; x_wconf 78' lang='lat' dir='ltr'><strong>trec</strong></span> <span class='ocrx_word' id='word_1_55' title='bbox 594 1024 625 1074; x_wconf 89' lang='lat' dir='ltr'><strong>in</strong></span> <span class='ocrx_word' id='word_1_56' title='bbox 640 1025 692 1075; x_wconf 87' lang='lat' dir='ltr'><strong>alt.</strong></span> <span class='ocrx_word' id='word_1_57' title='bbox 710 1023 804 1073; x_wconf 83' lang='lat' dir='ltr'><strong>trium</strong></span> <span class='ocrx_word' id='word_1_58' title='bbox 820 1024 926 1085; x_wconf 80' lang='lat' dir='ltr'><strong>pedum</strong></span> <span class='ocrx_word' id='word_1_59' title='bbox 944 1023 1007 1089; x_wconf 74' lang='lat' dir='ltr'><strong>fod-</strong></span> <span class='ocrx_word' id='word_1_60' title='bbox 1027 1026 1087 1074; x_wconf 80' lang='lat' dir='ltr'><strong>Pet.</strong></span> <span class='ocrx_word' id='word_1_61' title='bbox 1123 1023 1204 1073; x_wconf 83' lang='lat' dir='ltr'><strong>Beti-</strong></span> 
     </span>
     <span class='ocr_line' id='line_1_8' title="bbox 149 1086 1204 1156; baseline 0.008 -24"><span class='ocrx_word' id='word_1_62' title='bbox 149 1086 196 1145; x_wconf 89' lang='lat' dir='ltr'><strong>qui</strong></span> <span class='ocrx_word' id='word_1_63' title='bbox 209 1086 324 1140; x_wconf 69' lang='lat' dir='ltr'><strong>¹codice·</strong></span> <span class='ocrx_word' id='word_1_64' title='bbox 341 1089 409 1140; x_wconf 84' lang='lat' dir='ltr'><strong>ond.</strong></span> <span class='ocrx_word' id='word_1_65' title='bbox 428 1091 513 1143; x_wconf 78' lang='lat' dir='ltr'><strong>Vnae.</strong></span> <span class='ocrx_word' id='word_1_66' title='bbox 531 1093 565 1147; x_wconf 87' lang='lat' dir='ltr'><strong>A.</strong></span> <span class='ocrx_word' id='word_1_67' title='bbox 591 1094 662 1144; x_wconf 78' lang='lat' dir='ltr'><strong>Lon.</strong></span> <span class='ocrx_word' id='word_1_68' title='bbox 681 1093 757 1156; x_wconf 79' lang='lat' dir='ltr'><strong>Egm.</strong></span> <span class='ocrx_word' id='word_1_69' title='bbox 774 1092 849 1144; x_wconf 71' lang='lat' dir='ltr'><strong>linit.</strong></span> <span class='ocrx_word' id='word_1_70' title='bbox 869 1093 938 1143; x_wconf 77' lang='lat' dir='ltr'><strong>noo.</strong></span> <span class='ocrx_word' id='word_1_71' title='bbox 959 1093 1043 1144; x_wconf 74' lang='lat' dir='ltr'><strong>Febr.</strong></span> <span class='ocrx_word' id='word_1_72' title='bbox 1070 1092 1153 1154; x_wconf 72' lang='lat' dir='ltr'><strong>long.</strong></span> <span class='ocrx_word' id='word_1_73' title='bbox 1173 1091 1204 1143; x_wconf 79' lang='grc'><strong>0.</strong></span> 
     </span>
     <span class='ocr_line' id='line_1_9' title="bbox 150 1153 1205 1221; baseline 0.006 -16"><span class='ocrx_word' id='word_1_74' title='bbox 150 1153 210 1205; x_wconf 82' lang='lat' dir='ltr'><strong>Pal.</strong></span> <span class='ocrx_word' id='word_1_75' title='bbox 228 1157 311 1221; x_wconf 84' lang='lat' dir='ltr'><strong>Bong.</strong></span> <span class='ocrx_word' id='word_1_76' title='bbox 326 1162 359 1215; x_wconf 76' lang='lat' dir='ltr'><strong>A.</strong></span> <span class='ocrx_word' id='word_1_77' title='bbox 378 1158 547 1213; x_wconf 78' lang='lat' dir='ltr'><strong>r1.1‘ar.A.</strong></span> <span class='ocrx_word' id='word_1_78' title='bbox 565 1163 652 1213; x_wconf 85' lang='lat' dir='ltr'><strong>liaen.</strong></span> <span class='ocrx_word' id='word_1_79' title='bbox 672 1162 717 1212; x_wconf 84' lang='lat' dir='ltr'><strong>Dr.</strong></span> <span class='ocrx_word' id='word_1_80' title='bbox 735 1161 791 1213; x_wconf 82' lang='lat' dir='ltr'><strong>An.</strong></span> <span class='ocrx_word' id='word_1_81' title='bbox 809 1156 887 1213; x_wconf 86' lang='lat' dir='ltr'><strong>Vrat.</strong></span> <span class='ocrx_word' id='word_1_82' title='bbox 901 1163 958 1211; x_wconf 84' lang='lat' dir='ltr'><strong>AB.</strong></span> <span class='ocrx_word' id='word_1_83' title='bbox 977 1162 1094 1211; x_wconf 71' lang='lat' dir='ltr'><strong>licinii.</strong></span> <span class='ocrx_word' id='word_1_84' title='bbox 1108 1162 1205 1211; x_wconf 79' lang='lat' dir='ltr'><strong>lierni.</strong></span> 
     </span>
     <span class='ocr_line' id='line_1_10' title="bbox 150 1222 1317 1296; baseline 0.006 -21"><span class='ocrx_word' id='word_1_85' title='bbox 150 1224 203 1273; x_wconf 76' lang='lat' dir='ltr'><strong>Gn.</strong></span> <span class='ocrx_word' id='word_1_86' title='bbox 223 1222 305 1276; x_wconf 78' lang='lat' dir='ltr'><strong>vinc.</strong></span> <span class='ocrx_word' id='word_1_87' title='bbox 323 1226 448 1280; x_wconf 74' lang='lat' dir='ltr'><strong>acuar.</strong></span> <span class='ocrx_word' id='word_1_88' title='bbox 474 1244 534 1282; x_wconf 83' lang='lat' dir='ltr'><strong>cnm</strong></span> <span class='ocrx_word' id='word_1_89' title='bbox 551 1233 609 1282; x_wconf 86' lang='lat' dir='ltr'><strong>edd.</strong></span> <span class='ocrx_word' id='word_1_90' title='bbox 629 1233 693 1283; x_wconf 88' lang='lat' dir='ltr'><strong>ante</strong></span> <span class='ocrx_word' id='word_1_91' title='bbox 707 1232 807 1282; x_wconf 85' lang='lat' dir='ltr'><strong>Aldum</strong></span> <span class='ocrx_word' id='word_1_92' title='bbox 823 1233 888 1282; x_wconf 78' lang='lat' dir='ltr'><strong>tren</strong></span> <span class='ocrx_word' id='word_1_93' title='bbox 904 1230 937 1281; x_wconf 83' lang='lat' dir='ltr'><strong>in</strong></span> <span class='ocrx_word' id='word_1_94' title='bbox 955 1234 1008 1285; x_wconf 85' lang='lat' dir='ltr'><strong>alt.</strong></span> <span class='ocrx_word' id='word_1_95' title='bbox 1024 1231 1113 1291; x_wconf 76' lang='lat' dir='ltr'><strong>uedeo</strong></span> <span class='ocrx_word' id='word_1_96' title='bbox 1130 1231 1204 1296; x_wconf 67' lang='lat' dir='ltr'><strong>sod„</strong></span> <span class='ocrx_word' id='word_1_97' title='bbox 1312 1262 1317 1275; x_wconf 52' lang='grc' dir='ltr'>ι</span> 
     </span>
     <span class='ocr_line' id='line_1_11' title="bbox 149 1295 1204 1362; baseline 0.006 -20"><span class='ocrx_word' id='word_1_98' title='bbox 149 1295 200 1343; x_wconf 79' lang='lat' dir='ltr'><strong>sed</strong></span> <span class='ocrx_word' id='word_1_99' title='bbox 226 1295 308 1358; x_wconf 84' lang='lat' dir='ltr'><strong>Boug.</strong></span> <span class='ocrx_word' id='word_1_100' title='bbox 329 1300 363 1347; x_wconf 86' lang='lat' dir='ltr'><strong>A.</strong></span> <span class='ocrx_word' id='word_1_101' title='bbox 386 1298 465 1347; x_wconf 83' lang='lat' dir='ltr'><strong>Leid.</strong></span> <span class='ocrx_word' id='word_1_102' title='bbox 481 1301 512 1350; x_wconf 89' lang='lat' dir='ltr'><strong>ll.</strong></span> <span class='ocrx_word' id='word_1_103' title='bbox 539 1302 586 1352; x_wconf 84' lang='lat' dir='ltr'><strong>Dr.</strong></span> <span class='ocrx_word' id='word_1_104' title='bbox 606 1303 635 1350; x_wconf 85' lang='lat' dir='ltr'><strong>it.</strong></span> <span class='ocrx_word' id='word_1_105' title='bbox 657 1301 739 1353; x_wconf 85' lang='lat' dir='ltr'><strong>Vind.</strong></span> <span class='ocrx_word' id='word_1_106' title='bbox 758 1300 789 1350; x_wconf 78' lang='lat' dir='ltr'><strong>ll.</strong></span> <span class='ocrx_word' id='word_1_107' title='bbox 814 1300 969 1353; x_wconf 74' lang='lat' dir='ltr'><strong>altitudine</strong></span> <span class='ocrx_word' id='word_1_108' title='bbox 989 1301 1102 1360; x_wconf 73' lang='lat' dir='ltr'><strong>labem,</strong></span> <span class='ocrx_word' id='word_1_109' title='bbox 1125 1301 1204 1362; x_wconf 90' lang='lat' dir='ltr'><strong>eique</strong></span> 
     </span>
     <span class='ocr_line' id='line_1_12' title="bbox 148 1364 1205 1432; baseline 0.005 -20"><span class='ocrx_word' id='word_1_110' title='bbox 148 1364 184 1412; x_wconf 86' lang='lat' dir='ltr'><strong>ci</strong></span> <span class='ocrx_word' id='word_1_111' title='bbox 201 1376 310 1414; x_wconf 80' lang='lat' dir='ltr'><strong>nummo</strong></span> <span class='ocrx_word' id='word_1_112' title='bbox 326 1366 401 1416; x_wconf 87' lang='lat' dir='ltr'><strong>addit</strong></span> <span class='ocrx_word' id='word_1_113' title='bbox 416 1366 464 1418; x_wconf 83' lang='lat' dir='ltr'><strong>Dr.</strong></span> <span class='ocrx_word' id='word_1_114' title='bbox 482 1371 511 1419; x_wconf 67' lang='lat' dir='ltr'>A</span> <span class='ocrx_word' id='word_1_115' title='bbox 542 1369 639 1420; x_wconf 79' lang='lat' dir='ltr'><strong>Lectio</strong></span> <span class='ocrx_word' id='word_1_116' title='bbox 656 1370 691 1421; x_wconf 83' lang='lat' dir='ltr'><strong>alt</strong></span> <span class='ocrx_word' id='word_1_117' title='bbox 708 1371 781 1421; x_wconf 89' lang='lat' dir='ltr'><strong>Atdo</strong></span> <span class='ocrx_word' id='word_1_118' title='bbox 797 1371 911 1432; x_wconf 74' lang='lat' dir='ltr'><strong>vulgata</strong></span> <span class='ocrx_word' id='word_1_119' title='bbox 929 1368 1044 1420; x_wconf 82' lang='lat' dir='ltr'><strong>ccroiec</strong></span> <span class='ocrx_word' id='word_1_120' title='bbox 1062 1368 1155 1420; x_wconf 86' lang='lat' dir='ltr'><strong>trium</strong></span> <span class='ocrx_word' id='word_1_121' title='bbox 1172 1369 1205 1418; x_wconf 89' lang='lat' dir='ltr'><strong>in</strong></span> 
     </span>
     <span class='ocr_line' id='line_1_13' title="bbox 149 1432 1203 1501; baseline 0.005 -19"><span class='ocrx_word' id='word_1_122' title='bbox 149 1432 335 1485; x_wconf 77' lang='lat' dir='ltr'><strong>altitudinem</strong></span> <span class='ocrx_word' id='word_1_123' title='bbox 354 1436 462 1499; x_wconf 80' lang='lat' dir='ltr'><strong>pedum</strong></span> <span class='ocrx_word' id='word_1_124' title='bbox 484 1440 615 1488; x_wconf 79' lang='lat' dir='ltr'><strong>exhibens</strong></span> <span class='ocrx_word' id='word_1_125' title='bbox 639 1439 727 1501; x_wconf 82' lang='lat' dir='ltr'><strong>magis</strong></span> <span class='ocrx_word' id='word_1_126' title='bbox 745 1438 965 1490; x_wconf 86' lang='lat' dir='ltr'><strong>consuetudinem</strong></span> <span class='ocrx_word' id='word_1_127' title='bbox 983 1439 1068 1488; x_wconf 77' lang='lat' dir='ltr'><strong>refert</strong></span> <span class='ocrx_word' id='word_1_128' title='bbox 1084 1439 1203 1500; x_wconf 77' lang='lat' dir='ltr'><strong>scrioto-</strong></span> 
     </span>
     <span class='ocr_line' id='line_1_14' title="bbox 148 1499 1202 1571; baseline 0.008 -21"><span class='ocrx_word' id='word_1_129' title='bbox 148 1499 206 1563; x_wconf 83' lang='lat' dir='ltr'><strong>ris,</strong></span> <span class='ocrx_word' id='word_1_130' title='bbox 226 1503 271 1563; x_wconf 87' lang='lat' dir='ltr'><strong>qul</strong></span> <span class='ocrx_word' id='word_1_131' title='bbox 289 1506 323 1566; x_wconf 85' lang='lat'><strong>1,</strong></span> <span class='ocrx_word' id='word_1_132' title='bbox 339 1504 365 1554; x_wconf 87' lang='lat'><strong>8.</strong></span> <span class='ocrx_word' id='word_1_133' title='bbox 384 1505 410 1565; x_wconf 75' lang='lat' dir='ltr'><strong>S.</strong></span> <span class='ocrx_word' id='word_1_134' title='bbox 428 1506 444 1556; x_wconf 91' lang='lat'>1</span> <span class='ocrx_word' id='word_1_135' title='bbox 465 1520 581 1559; x_wconf 82' lang='lat' dir='ltr'><strong>murum</strong></span> <span class='ocrx_word' id='word_1_136' title='bbox 600 1509 630 1557; x_wconf 89' lang='lat' dir='ltr'><strong>in</strong></span> <span class='ocrx_word' id='word_1_137' title='bbox 648 1509 833 1559; x_wconf 78' lang='lat' dir='ltr'><strong>altitudinem</strong></span> <span class='ocrx_word' id='word_1_138' title='bbox 846 1508 951 1571; x_wconf 80' lang='lat' dir='ltr'><strong>pedum</strong></span> <span class='ocrx_word' id='word_1_139' title='bbox 968 1508 1111 1567; x_wconf 69' lang='lat' dir='ltr'><strong>sedecim,</strong></span> <span class='ocrx_word' id='word_1_140' title='bbox 1131 1510 1167 1568; x_wconf 79' lang='lat'><strong>2,</strong></span> <span class='ocrx_word' id='word_1_141' title='bbox 1185 1506 1202 1558; x_wconf 85' lang='lat'>5</span> 
     </span>
     <span class='ocr_line' id='line_1_15' title="bbox 147 1568 1203 1650; baseline 0.008 -30"><span class='ocrx_word' id='word_1_142' title='bbox 147 1568 179 1650; x_wconf 65' lang='lat' dir='ltr'><strong>S.</strong></span> <span class='ocrx_word' id='word_1_143' title='bbox 193 1574 211 1620; x_wconf 85' lang='lat' dir='ltr'><strong>(i</strong></span> <span class='ocrx_word' id='word_1_144' title='bbox 228 1571 260 1621; x_wconf 88' lang='lat' dir='ltr'><strong>in</strong></span> <span class='ocrx_word' id='word_1_145' title='bbox 275 1574 459 1627; x_wconf 88' lang='lat' dir='ltr'><strong>altitudinem</strong></span> <span class='ocrx_word' id='word_1_146' title='bbox 473 1579 579 1641; x_wconf 79' lang='lat' dir='ltr'><strong>pedum</strong></span> <span class='ocrx_word' id='word_1_147' title='bbox 595 1578 665 1628; x_wconf 80' lang='grc' dir='ltr'><strong>ΧΗ.</strong></span> <span class='ocrx_word' id='word_1_148' title='bbox 683 1579 777 1641; x_wconf 63' lang='lat' dir='ltr'><strong>nullm</strong></span> <span class='ocrx_word' id='word_1_149' title='bbox 802 1580 838 1628; x_wconf 80' lang='grc'><strong>29</strong></span> <span class='ocrx_word' id='word_1_150' title='bbox 856 1577 881 1637; x_wconf 79' lang='lat' dir='ltr'><strong>s.</strong></span> <span class='ocrx_word' id='word_1_151' title='bbox 900 1579 918 1627; x_wconf 85' lang='lat'>2</span> <span class='ocrx_word' id='word_1_152' title='bbox 934 1577 1034 1629; x_wconf 80' lang='lat' dir='ltr'><strong>aditae</strong></span> <span class='ocrx_word' id='word_1_153' title='bbox 1050 1577 1082 1627; x_wconf 89' lang='lat' dir='ltr'><strong>in</strong></span> <span class='ocrx_word' id='word_1_154' title='bbox 1098 1577 1203 1628; x_wconf 87' lang='lat' dir='ltr'><strong>latitu-</strong></span> 
     </span>
     <span class='ocr_line' id='line_1_16' title="bbox 147 1641 1203 1709; baseline 0.009 -19"><span class='ocrx_word' id='word_1_155' title='bbox 147 1641 246 1691; x_wconf 78' lang='lat' dir='ltr'><strong>dinem</strong></span> <span class='ocrx_word' id='word_1_156' title='bbox 262 1654 321 1691; x_wconf 91' lang='lat' dir='ltr'><strong>non</strong></span> <span class='ocrx_word' id='word_1_157' title='bbox 337 1645 461 1707; x_wconf 77' lang='lat' dir='ltr'><strong>amplius</strong></span> <span class='ocrx_word' id='word_1_158' title='bbox 476 1648 807 1709; x_wconf 68' lang='lat' dir='ltr'><strong>incentoromnium,</strong></span> <span class='ocrx_word' id='word_1_159' title='bbox 824 1647 852 1709; x_wconf 89' lang='grc'><strong>7,</strong></span> <span class='ocrx_word' id='word_1_160' title='bbox 870 1646 888 1698; x_wconf 88' lang='lat'><strong>8</strong></span> <span class='ocrx_word' id='word_1_161' title='bbox 905 1644 932 1706; x_wconf 80' lang='lat' dir='ltr'><strong>S.</strong></span> <span class='ocrx_word' id='word_1_162' title='bbox 951 1650 968 1697; x_wconf 83' lang='lat'>2</span> <span class='ocrx_word' id='word_1_163' title='bbox 987 1646 1119 1697; x_wconf 76' lang='lat' dir='ltr'><strong>discussa</strong></span> <span class='ocrx_word' id='word_1_164' title='bbox 1135 1646 1203 1699; x_wconf 85' lang='lat' dir='ltr'><strong>niae</strong></span> 
     </span>
     <span class='ocr_line' id='line_1_17' title="bbox 146 1708 1201 1781; baseline 0.008 -22"><span class='ocrx_word' id='word_1_165' title='bbox 146 1721 202 1759; x_wconf 76' lang='lat' dir='ltr'><strong>aem</strong></span> <span class='ocrx_word' id='word_1_166' title='bbox 229 1711 260 1760; x_wconf 90' lang='lat' dir='ltr'><strong>in</strong></span> <span class='ocrx_word' id='word_1_167' title='bbox 286 1713 471 1765; x_wconf 82' lang='lat' dir='ltr'><strong>altitudinem</strong></span> <span class='ocrx_word' id='word_1_168' title='bbox 486 1717 610 1781; x_wconf 80' lang='lat' dir='ltr'><strong>pedani,</strong></span> <span class='ocrx_word' id='word_1_169' title='bbox 637 1717 673 1766; x_wconf 83' lang='grc'><strong>69</strong></span> <span class='ocrx_word' id='word_1_170' title='bbox 690 1714 717 1775; x_wconf 80' lang='lat' dir='ltr'><strong>S.</strong></span> <span class='ocrx_word' id='word_1_171' title='bbox 738 1708 1001 1767; x_wconf 62' lang='lat' dir='ltr'><strong>innocentianam</strong></span> <span class='ocrx_word' id='word_1_172' title='bbox 1018 1715 1201 1767; x_wconf 73' lang='lat' dir='ltr'><strong>in&#39;nttilndi-</strong></span> 
     </span>
     <span class='ocr_line' id='line_1_18' title="bbox 147 1780 1289 1851; baseline 0.006 -23"><span class='ocrx_word' id='word_1_173' title='bbox 147 1791 214 1829; x_wconf 90' lang='lat' dir='ltr'><strong>nem</strong></span> <span class='ocrx_word' id='word_1_174' title='bbox 237 1780 357 1844; x_wconf 76' lang='lat' dir='ltr'><strong>nedum,</strong></span> <span class='ocrx_word' id='word_1_175' title='bbox 387 1783 450 1834; x_wconf 83' lang='lat' dir='ltr'><strong>civ.</strong></span> <span class='ocrx_word' id='word_1_176' title='bbox 475 1787 512 1850; x_wconf 86' lang='lat'><strong>2,</strong></span> <span class='ocrx_word' id='word_1_177' title='bbox 537 1786 553 1834; x_wconf 86' lang='lat'>1</span> <span class='ocrx_word' id='word_1_178' title='bbox 579 1784 606 1846; x_wconf 79' lang='lat' dir='ltr'><strong>s.</strong></span> <span class='ocrx_word' id='word_1_179' title='bbox 628 1783 648 1835; x_wconf 76' lang='lat'>4</span> <span class='ocrx_word' id='word_1_180' title='bbox 669 1796 806 1851; x_wconf 64' lang='lat' dir='ltr'><strong>angerem</strong></span> <span class='ocrx_word' id='word_1_181' title='bbox 834 1783 866 1833; x_wconf 94' lang='lat' dir='ltr'><strong>in</strong></span> <span class='ocrx_word' id='word_1_182' title='bbox 891 1785 1075 1836; x_wconf 85' lang='lat' dir='ltr'><strong>altitudinem</strong></span> <span class='ocrx_word' id='word_1_183' title='bbox 1097 1786 1202 1851; x_wconf 74' lang='lat' dir='ltr'><strong>pedam</strong></span> <span class='ocrx_word' id='word_1_184' title='bbox 1270 1812 1289 1821; x_wconf 91' lang='lat'><strong>·-</strong></span> 
     </span>
     <span class='ocr_line' id='line_1_19' title="bbox 147 1847 1202 1919; baseline 0.006 -21"><span class='ocrx_word' id='word_1_185' title='bbox 147 1847 299 1914; x_wconf 59' lang='lat' dir='ltr'><strong>dxxx„</strong></span> <span class='ocrx_word' id='word_1_186' title='bbox 326 1851 362 1901; x_wconf 86' lang='lat'><strong>10</strong></span> <span class='ocrx_word' id='word_1_187' title='bbox 386 1850 449 1912; x_wconf 54' lang='lat' dir='ltr'><strong>§A</strong></span> <span class='ocrx_word' id='word_1_188' title='bbox 473 1855 639 1905; x_wconf 83' lang='lat' dir='ltr'><strong>columellae</strong></span> <span class='ocrx_word' id='word_1_189' title='bbox 656 1855 761 1914; x_wconf 79' lang='lat' dir='ltr'><strong>nedum</strong></span> <span class='ocrx_word' id='word_1_190' title='bbox 779 1852 811 1904; x_wconf 88' lang='lat' dir='ltr'><strong>in</strong></span> <span class='ocrx_word' id='word_1_191' title='bbox 830 1853 1014 1907; x_wconf 86' lang='lat' dir='ltr'><strong>altitudinem</strong></span> <span class='ocrx_word' id='word_1_192' title='bbox 1034 1857 1083 1917; x_wconf 82' lang='lat' dir='ltr'><strong>V.‚</strong></span> <span class='ocrx_word' id='word_1_193' title='bbox 1113 1859 1147 1919; x_wconf 77' lang='lat'><strong>3,</strong></span> <span class='ocrx_word' id='word_1_194' title='bbox 1166 1852 1202 1906; x_wconf 77' lang='lat' dir='ltr'><strong>et</strong></span> 
     </span>
     <span class='ocr_line' id='line_1_20' title="bbox 146 1918 1202 1991; baseline 0.008 -24"><span class='ocrx_word' id='word_1_195' title='bbox 146 1918 174 1977; x_wconf 74' lang='lat' dir='ltr'><strong>S.</strong></span> <span class='ocrx_word' id='word_1_196' title='bbox 194 1918 210 1965; x_wconf 92' lang='lat'>1</span> <span class='ocrx_word' id='word_1_197' title='bbox 235 1919 266 1968; x_wconf 87' lang='lat' dir='ltr'><strong>in</strong></span> <span class='ocrx_word' id='word_1_198' title='bbox 281 1920 466 1972; x_wconf 82' lang='lat' dir='ltr'><strong>altitudinem</strong></span> <span class='ocrx_word' id='word_1_199' title='bbox 481 1924 586 1986; x_wconf 77' lang='lat' dir='ltr'><strong>nedum</strong></span> <span class='ocrx_word' id='word_1_200' title='bbox 604 1923 638 1973; x_wconf 83' lang='lat' dir='ltr'><em>X</em></span> <span class='ocrx_word' id='word_1_201' title='bbox 641 1925 672 1974; x_wconf 85' lang='lat' dir='ltr'><strong>V.</strong></span> <span class='ocrx_word' id='word_1_202' title='bbox 696 1921 807 1988; x_wconf 71' lang='lat' dir='ltr'><strong>effectis</strong></span> <span class='ocrx_word' id='word_1_203' title='bbox 825 1923 975 1985; x_wconf 75' lang='lat' dir='ltr'><strong>operans,</strong></span> <span class='ocrx_word' id='word_1_204' title='bbox 1005 1927 1041 1974; x_wconf 80' lang='grc'><strong>63</strong></span> <span class='ocrx_word' id='word_1_205' title='bbox 1055 1921 1083 1982; x_wconf 77' lang='lat' dir='ltr'><strong>S.</strong></span> <span class='ocrx_word' id='word_1_206' title='bbox 1101 1927 1116 1974; x_wconf 93' lang='lat'>1</span> <span class='ocrx_word' id='word_1_207' title='bbox 1132 1924 1202 1991; x_wconf 22' lang='lat' dir='ltr'><strong>*eral-</strong></span> 
     </span>
     <span class='ocr_line' id='line_1_21' title="bbox 145 1986 1201 2057; baseline 0.007 -21"><span class='ocrx_word' id='word_1_208' title='bbox 145 1988 207 2037; x_wconf 86' lang='lat' dir='ltr'><strong>tum</strong></span> <span class='ocrx_word' id='word_1_209' title='bbox 224 1986 256 2038; x_wconf 87' lang='lat' dir='ltr'><strong>in</strong></span> <span class='ocrx_word' id='word_1_210' title='bbox 272 1989 458 2041; x_wconf 89' lang='lat' dir='ltr'><strong>altitudinem</strong></span> <span class='ocrx_word' id='word_1_211' title='bbox 475 1993 578 2053; x_wconf 79' lang='lat' dir='ltr'><strong>pedum</strong></span> <span class='ocrx_word' id='word_1_212' title='bbox 596 1992 637 2046; x_wconf 83' lang='lat' dir='ltr'><strong>X.</strong></span> <span class='ocrx_word' id='word_1_213' title='bbox 656 1991 741 2057; x_wconf 82' lang='lat' dir='ltr'><strong>dixit,</strong></span> <span class='ocrx_word' id='word_1_214' title='bbox 757 2003 838 2054; x_wconf 88' lang='lat' dir='ltr'><strong>quam</strong></span> <span class='ocrx_word' id='word_1_215' title='bbox 857 1991 972 2053; x_wconf 85' lang='lat' dir='ltr'><strong>quaein</strong></span> <span class='ocrx_word' id='word_1_216' title='bbox 991 1991 1091 2055; x_wconf 85' lang='lat' dir='ltr'><strong>optimo</strong></span> <span class='ocrx_word' id='word_1_217' title='bbox 1107 1993 1201 2043; x_wconf 84' lang='lat' dir='ltr'><strong>codice</strong></span> 
     </span>
     <span class='ocr_line' id='line_1_22' title="bbox 146 2057 1202 2126; baseline 0.008 -22"><span class='ocrx_word' id='word_1_218' title='bbox 146 2063 256 2124; x_wconf 79' lang='lat' dir='ltr'><strong>exstat,</strong></span> <span class='ocrx_word' id='word_1_219' title='bbox 280 2057 307 2107; x_wconf 89' lang='lat' dir='ltr'><strong>in</strong></span> <span class='ocrx_word' id='word_1_220' title='bbox 332 2070 385 2120; x_wconf 86' lang='lat' dir='ltr'><strong>qua</strong></span> <span class='ocrx_word' id='word_1_221' title='bbox 410 2059 493 2112; x_wconf 89' lang='lat' dir='ltr'><strong>dictio</strong></span> <span class='ocrx_word' id='word_1_222' title='bbox 515 2061 547 2112; x_wconf 85' lang='lat' dir='ltr'><strong>ln</strong></span> <span class='ocrx_word' id='word_1_223' title='bbox 574 2061 761 2112; x_wconf 87' lang='lat' dir='ltr'><strong>altitudinem</strong></span> <span class='ocrx_word' id='word_1_224' title='bbox 780 2061 874 2110; x_wconf 87' lang='lat' dir='ltr'><strong>eudem</strong></span> <span class='ocrx_word' id='word_1_225' title='bbox 894 2063 992 2126; x_wconf 86' lang='lat' dir='ltr'><strong>modo,</strong></span> <span class='ocrx_word' id='word_1_226' title='bbox 1016 2074 1069 2122; x_wconf 91' lang='lat' dir='ltr'><strong>qno</strong></span> <span class='ocrx_word' id='word_1_227' title='bbox 1092 2060 1149 2111; x_wconf 83' lang='lat' dir='ltr'><strong>title</strong></span> <span class='ocrx_word' id='word_1_228' title='bbox 1172 2061 1202 2112; x_wconf 87' lang='lat' dir='ltr'><strong>in</strong></span> 
     </span>
     <span class='ocr_line' id='line_1_23' title="bbox 145 2125 1202 2196; baseline 0.005 -22"><span class='ocrx_word' id='word_1_229' title='bbox 145 2125 233 2188; x_wconf 85' lang='lat' dir='ltr'><strong>locis,</strong></span> <span class='ocrx_word' id='word_1_230' title='bbox 255 2127 302 2189; x_wconf 90' lang='lat' dir='ltr'><strong>qui</strong></span> <span class='ocrx_word' id='word_1_231' title='bbox 324 2128 475 2189; x_wconf 78' lang='lat' dir='ltr'><strong>genitivum</strong></span> <span class='ocrx_word' id='word_1_232' title='bbox 496 2132 612 2196; x_wconf 80' lang='lat' dir='ltr'><strong>hahent,</strong></span> <span class='ocrx_word' id='word_1_233' title='bbox 633 2141 788 2180; x_wconf 80' lang='lat' dir='ltr'><strong>meneutam</strong></span> <span class='ocrx_word' id='word_1_234' title='bbox 807 2127 901 2178; x_wconf 83' lang='lat' dir='ltr'><strong>definit</strong></span> <span class='ocrx_word' id='word_1_235' title='bbox 920 2129 975 2192; x_wconf 88' lang='lat' dir='ltr'><strong>ita,</strong></span> <span class='ocrx_word' id='word_1_236' title='bbox 1000 2135 1044 2194; x_wconf 88' lang='lat' dir='ltr'><strong>nt,</strong></span> <span class='ocrx_word' id='word_1_237' title='bbox 1068 2138 1149 2191; x_wconf 84' lang='lat' dir='ltr'><strong>quarn</strong></span> <span class='ocrx_word' id='word_1_238' title='bbox 1172 2129 1202 2179; x_wconf 87' lang='lat' dir='ltr'><strong>in</strong></span> 
     </span>
     <span class='ocr_line' id='line_1_24' title="bbox 145 2196 1201 2263; baseline 0.003 -18"><span class='ocrx_word' id='word_1_239' title='bbox 145 2203 252 2257; x_wconf 76' lang='lat' dir='ltr'><strong>partem</strong></span> <span class='ocrx_word' id='word_1_240' title='bbox 271 2196 423 2259; x_wconf 75' lang='lat' dir='ltr'><strong>adhibenda</strong></span> <span class='ocrx_word' id='word_1_241' title='bbox 440 2199 491 2263; x_wconf 82' lang='lat' dir='ltr'><strong>eit,</strong></span> <span class='ocrx_word' id='word_1_242' title='bbox 514 2201 696 2262; x_wconf 82' lang='lat' dir='ltr'><strong>demonstret,</strong></span> <span class='ocrx_word' id='word_1_243' title='bbox 721 2209 851 2251; x_wconf 77' lang='lat' dir='ltr'><strong>mensura</strong></span> <span class='ocrx_word' id='word_1_244' title='bbox 872 2210 941 2249; x_wconf 84' lang='lat' dir='ltr'><strong>vero</strong></span> <span class='ocrx_word' id='word_1_245' title='bbox 964 2196 1017 2247; x_wconf 86' lang='lat' dir='ltr'><strong>nou</strong></span> <span class='ocrx_word' id='word_1_246' title='bbox 1042 2200 1201 2258; x_wconf 74' lang='lat' dir='ltr'><strong>pendentem</strong></span> 
     </span>
     <span class='ocr_line' id='line_1_25' title="bbox 145 2266 1201 2332; baseline 0.004 -18"><span class='ocrx_word' id='word_1_247' title='bbox 145 2277 181 2314; x_wconf 86' lang='lat' dir='ltr'><strong>ex</strong></span> <span class='ocrx_word' id='word_1_248' title='bbox 199 2277 336 2316; x_wconf 75' lang='lat' dir='ltr'><strong>uenerem</strong></span> <span class='ocrx_word' id='word_1_249' title='bbox 355 2268 471 2332; x_wconf 75' lang='lat' dir='ltr'><strong>hebere,</strong></span> <span class='ocrx_word' id='word_1_250' title='bbox 492 2271 541 2319; x_wconf 89' lang='lat' dir='ltr'><strong>eed</strong></span> <span class='ocrx_word' id='word_1_251' title='bbox 558 2269 619 2330; x_wconf 77' lang='lat' dir='ltr'><strong>inea</strong></span> <span class='ocrx_word' id='word_1_252' title='bbox 636 2269 753 2329; x_wconf 78' lang='lat' dir='ltr'><strong>pendere</strong></span> <span class='ocrx_word' id='word_1_253' title='bbox 771 2279 805 2316; x_wconf 86' lang='lat' dir='ltr'><strong>ex</strong></span> <span class='ocrx_word' id='word_1_254' title='bbox 825 2266 932 2318; x_wconf 88' lang='lat' dir='ltr'><strong>actione</strong></span> <span class='ocrx_word' id='word_1_255' title='bbox 950 2267 1064 2318; x_wconf 82' lang='lat' dir='ltr'><strong>videtur.</strong></span> <span class='ocrx_word' id='word_1_256' title='bbox 1099 2269 1201 2319; x_wconf 72' lang='lat' dir='ltr'><strong>Tamen</strong></span> 
     </span>
     <span class='ocr_line' id='line_1_26' title="bbox 143 2335 1200 2398; baseline 0.002 -14"><span class='ocrx_word' id='word_1_257' title='bbox 143 2343 179 2384; x_wconf 85' lang='lat' dir='ltr'><strong>ne</strong></span> <span class='ocrx_word' id='word_1_258' title='bbox 197 2336 266 2383; x_wconf 84' lang='lat' dir='ltr'><strong>haec</strong></span> <span class='ocrx_word' id='word_1_259' title='bbox 284 2335 391 2396; x_wconf 88' lang='lat' dir='ltr'><strong>quidem</strong></span> <span class='ocrx_word' id='word_1_260' title='bbox 408 2338 443 2387; x_wconf 86' lang='lat' dir='ltr'><strong>ab</strong></span> <span class='ocrx_word' id='word_1_261' title='bbox 459 2337 728 2389; x_wconf 85' lang='lat' dir='ltr'><strong>eine.consuetudine</strong></span> <span class='ocrx_word' id='word_1_262' title='bbox 748 2336 896 2398; x_wconf 72' lang='lat' dir='ltr'><strong>discrepat.</strong></span> <span class='ocrx_word' id='word_1_263' title='bbox 931 2338 1000 2388; x_wconf 77' lang='lat' dir='ltr'><strong>Nam</strong></span> <span class='ocrx_word' id='word_1_264' title='bbox 1021 2347 1105 2396; x_wconf 76' lang='lat' dir='ltr'><strong>snpra</strong></span> <span class='ocrx_word' id='word_1_265' title='bbox 1122 2350 1147 2386; x_wconf 91' lang='lat' dir='ltr'><strong>c.</strong></span> <span class='ocrx_word' id='word_1_266' title='bbox 1164 2339 1200 2387; x_wconf 80' lang='lat'><strong>2³</strong></span> 
     </span>
     <span class='ocr_line' id='line_1_27' title="bbox 144 2400 1201 2471; baseline 0.002 -19"><span class='ocrx_word' id='word_1_267' title='bbox 144 2400 172 2461; x_wconf 78' lang='lat' dir='ltr'><strong>S.</strong></span> <span class='ocrx_word' id='word_1_268' title='bbox 196 2401 213 2452; x_wconf 84' lang='lat'>5</span> <span class='ocrx_word' id='word_1_269' title='bbox 239 2404 354 2454; x_wconf 85' lang='lat' dir='ltr'><strong>materia</strong></span> <span class='ocrx_word' id='word_1_270' title='bbox 376 2406 517 2467; x_wconf 75' lang='lat' dir='ltr'><strong>perpetuis</strong></span> <span class='ocrx_word' id='word_1_271' title='bbox 547 2407 672 2459; x_wconf 77' lang='lat' dir='ltr'><strong>trabibus</strong></span> <span class='ocrx_word' id='word_1_272' title='bbox 694 2406 781 2468; x_wconf 72' lang='lat' dir='ltr'><strong>eadee</strong></span> <span class='ocrx_word' id='word_1_273' title='bbox 815 2406 1018 2471; x_wconf 69' lang='lat' dir='ltr'><strong>quadraqenoe</strong></span> <span class='ocrx_word' id='word_1_274' title='bbox 1042 2406 1201 2468; x_wconf 81' lang='lat' dir='ltr'><strong>plerumque</strong></span> 
     </span>
     <span class='ocr_line' id='line_1_28' title="bbox 143 2471 1201 2542; baseline 0.004 -22"><span class='ocrx_word' id='word_1_275' title='bbox 143 2471 296 2522; x_wconf 76' lang='lat' dir='ltr'><strong>introrsus</strong></span> <span class='ocrx_word' id='word_1_276' title='bbox 312 2475 449 2527; x_wconf 74' lang='lat' dir='ltr'><strong>cecinna</strong></span> <span class='ocrx_word' id='word_1_277' title='bbox 466 2475 583 2542; x_wconf 84' lang='lat' dir='ltr'><strong>dicitnr,</strong></span> <span class='ocrx_word' id='word_1_278' title='bbox 611 2476 639 2525; x_wconf 90' lang='lat' dir='ltr'><strong>in</strong></span> <span class='ocrx_word' id='word_1_279' title='bbox 664 2475 763 2536; x_wconf 81' lang='lat' dir='ltr'><strong>quibus</strong></span> <span class='ocrx_word' id='word_1_280' title='bbox 787 2474 939 2525; x_wconf 82' lang='lat' dir='ltr'><strong>introreua</strong></span> <span class='ocrx_word' id='word_1_281' title='bbox 959 2474 1049 2534; x_wconf 80' lang='lat' dir='ltr'><strong>idem,</strong></span> <span class='ocrx_word' id='word_1_282' title='bbox 1074 2476 1144 2537; x_wconf 92' lang='lat' dir='ltr'><strong>quod</strong></span> <span class='ocrx_word' id='word_1_283' title='bbox 1169 2476 1201 2524; x_wconf 87' lang='lat' dir='ltr'><strong>tn</strong></span> 
     </span>
     <span class='ocr_line' id='line_1_29' title="bbox 144 2541 1201 2610; baseline 0.002 -19"><span class='ocrx_word' id='word_1_284' title='bbox 144 2541 354 2607; x_wconf 76' lang='lat' dir='ltr'><strong>lonqitudinem</strong></span> <span class='ocrx_word' id='word_1_285' title='bbox 370 2543 526 2607; x_wconf 76' lang='lat' dir='ltr'><strong>significet,</strong></span> <span class='ocrx_word' id='word_1_286' title='bbox 554 2543 727 2610; x_wconf 77' lang='lat' dir='ltr'><strong>participium</strong></span> <span class='ocrx_word' id='word_1_287' title='bbox 752 2553 843 2593; x_wconf 84' lang='lat' dir='ltr'><strong>antem</strong></span> <span class='ocrx_word' id='word_1_288' title='bbox 862 2543 940 2593; x_wconf 84' lang='lat' dir='ltr'><strong>verbi</strong></span> <span class='ocrx_word' id='word_1_289' title='bbox 959 2542 1066 2604; x_wconf 82' lang='lat' dir='ltr'><strong>passivi</strong></span> <span class='ocrx_word' id='word_1_290' title='bbox 1083 2543 1201 2594; x_wconf 80' lang='lat' dir='ltr'><strong>actionis</strong></span> 
     </span>
     <span class='ocr_line' id='line_1_30' title="bbox 145 2611 1200 2679; baseline 0.004 -21"><span class='ocrx_word' id='word_1_291' title='bbox 145 2611 279 2660; x_wconf 87' lang='lat' dir='ltr'><strong>notionem</strong></span> <span class='ocrx_word' id='word_1_292' title='bbox 304 2612 460 2665; x_wconf 80' lang='lat' dir='ltr'><strong>adiunctam</strong></span> <span class='ocrx_word' id='word_1_293' title='bbox 483 2615 565 2664; x_wconf 84' lang='lat' dir='ltr'><strong>habel</strong></span> <span class='ocrx_word' id='word_1_294' title='bbox 588 2626 642 2665; x_wconf 88' lang='lat' dir='ltr'><strong>nnn</strong></span> <span class='ocrx_word' id='word_1_295' title='bbox 665 2613 771 2679; x_wconf 84' lang='lat' dir='ltr'><strong>minua,</strong></span> <span class='ocrx_word' id='word_1_296' title='bbox 804 2624 885 2676; x_wconf 84' lang='lat' dir='ltr'><strong>quam</strong></span> <span class='ocrx_word' id='word_1_297' title='bbox 910 2615 936 2666; x_wconf 83' lang='lat' dir='ltr'><strong>i.</strong></span> <span class='ocrx_word' id='word_1_298' title='bbox 961 2613 979 2661; x_wconf 90' lang='grc'><strong>1.</strong></span> <span class='ocrx_word' id='word_1_299' title='bbox 1003 2613 1200 2675; x_wconf 78' lang='lat' dir='ltr'><strong>imperfectum.</strong></span> 
     </span>
     <span class='ocr_line' id='line_1_31' title="bbox 144 2678 1200 2746; baseline 0.002 -16"><span class='ocrx_word' id='word_1_300' title='bbox 144 2678 224 2733; x_wconf 77' lang='lat' dir='ltr'><strong>nanc</strong></span> <span class='ocrx_word' id='word_1_301' title='bbox 247 2680 348 2744; x_wconf 85' lang='lat' dir='ltr'><strong>igitur,</strong></span> <span class='ocrx_word' id='word_1_302' title='bbox 375 2695 455 2746; x_wconf 87' lang='lat' dir='ltr'><strong>qnam</strong></span> <span class='ocrx_word' id='word_1_303' title='bbox 484 2683 566 2733; x_wconf 85' lang='lat' dir='ltr'><strong>etiam</strong></span> <span class='ocrx_word' id='word_1_304' title='bbox 591 2683 659 2733; x_wconf 85' lang='lat' dir='ltr'><strong>ond.</strong></span> <span class='ocrx_word' id='word_1_305' title='bbox 683 2695 737 2733; x_wconf 93' lang='lat' dir='ltr'><strong>non</strong></span> <span class='ocrx_word' id='word_1_306' title='bbox 761 2682 833 2732; x_wconf 88' lang='lat' dir='ltr'><strong>maie</strong></span> <span class='ocrx_word' id='word_1_307' title='bbox 857 2683 957 2732; x_wconf 82' lang='lat' dir='ltr'><strong>nabere</strong></span> <span class='ocrx_word' id='word_1_308' title='bbox 979 2682 1134 2742; x_wconf 82' lang='lat' dir='ltr'><strong>indicebat,</strong></span> <span class='ocrx_word' id='word_1_309' title='bbox 1164 2695 1200 2732; x_wconf 83' lang='lat' dir='ltr'><strong>ex</strong></span> 
     </span>
     <span class='ocr_line' id='line_1_32' title="bbox 144 2749 1200 2817; baseline 0.003 -18"><span class='ocrx_word' id='word_1_310' title='bbox 144 2751 243 2808; x_wconf 81' lang='lat' dir='ltr'><strong>optimo</strong></span> <span class='ocrx_word' id='word_1_311' title='bbox 264 2751 370 2813; x_wconf 83' lang='lat' dir='ltr'><strong>codice,</strong></span> <span class='ocrx_word' id='word_1_312' title='bbox 395 2749 440 2812; x_wconf 91' lang='lat' dir='ltr'><strong>qui</strong></span> <span class='ocrx_word' id='word_1_313' title='bbox 464 2749 504 2801; x_wconf 85' lang='lat' dir='ltr'><strong>ita</strong></span> <span class='ocrx_word' id='word_1_314' title='bbox 521 2753 702 2813; x_wconf 79' lang='lat' dir='ltr'><strong>interpolatus</strong></span> <span class='ocrx_word' id='word_1_315' title='bbox 721 2763 784 2800; x_wconf 82' lang='lat' dir='ltr'><strong>cese</strong></span> <span class='ocrx_word' id='word_1_316' title='bbox 807 2753 970 2817; x_wconf 73' lang='lat' dir='ltr'><strong>nonenim,</strong></span> <span class='ocrx_word' id='word_1_317' title='bbox 993 2752 1093 2812; x_wconf 80' lang='lat' dir='ltr'><strong>recepi.</strong></span> <span class='ocrx_word' id='word_1_318' title='bbox 1127 2752 1200 2802; x_wconf 87' lang='lat' dir='ltr'><strong>Vul-</strong></span> 
     </span>
     <span class='ocr_line' id='line_1_33' title="bbox 143 2818 1201 2885; baseline 0.002 -17"><span class='ocrx_word' id='word_1_319' title='bbox 143 2822 235 2878; x_wconf 72' lang='lat' dir='ltr'><strong>eatam</strong></span> <span class='ocrx_word' id='word_1_320' title='bbox 252 2833 287 2868; x_wconf 87' lang='lat' dir='ltr'><strong>ex</strong></span> <span class='ocrx_word' id='word_1_321' title='bbox 305 2818 426 2880; x_wconf 71' lang='lat' dir='ltr'><strong>margine</strong></span> <span class='ocrx_word' id='word_1_322' title='bbox 444 2819 548 2871; x_wconf 89' lang='lat' dir='ltr'><strong>illatam</strong></span> <span class='ocrx_word' id='word_1_323' title='bbox 567 2833 630 2871; x_wconf 76' lang='lat' dir='ltr'><strong>ecee</strong></span> <span class='ocrx_word' id='word_1_324' title='bbox 647 2819 710 2869; x_wconf 92' lang='lat' dir='ltr'><strong>inde</strong></span> <span class='ocrx_word' id='word_1_325' title='bbox 728 2818 823 2884; x_wconf 79' lang='lat' dir='ltr'><strong>colligi</strong></span> <span class='ocrx_word' id='word_1_326' title='bbox 840 2823 944 2885; x_wconf 79' lang='lat' dir='ltr'><strong>potent,</strong></span> <span class='ocrx_word' id='word_1_327' title='bbox 963 2821 1032 2883; x_wconf 87' lang='lat' dir='ltr'><strong>qnod</strong></span> <span class='ocrx_word' id='word_1_328' title='bbox 1046 2820 1073 2872; x_wconf 84' lang='lat' dir='ltr'><strong>in</strong></span> <span class='ocrx_word' id='word_1_329' title='bbox 1090 2821 1201 2871; x_wconf 77' lang='lat' dir='ltr'><strong>andiaco</strong></span> 
     </span>
     <span class='ocr_line' id='line_1_34' title="bbox 144 2888 1116 2941; baseline 0.002 -4"><span class='ocrx_word' id='word_1_330' title='bbox 144 2888 217 2938; x_wconf 82' lang='lat' dir='ltr'><strong>flav.</strong></span> <span class='ocrx_word' id='word_1_331' title='bbox 237 2891 271 2939; x_wconf 92' lang='lat' dir='ltr'><strong>A.</strong></span> <span class='ocrx_word' id='word_1_332' title='bbox 291 2893 319 2938; x_wconf 91' lang='lat' dir='ltr'><strong>et</strong></span> <span class='ocrx_word' id='word_1_333' title='bbox 336 2889 419 2941; x_wconf 87' lang='lat' dir='ltr'><strong>vind.</strong></span> <span class='ocrx_word' id='word_1_334' title='bbox 436 2891 470 2939; x_wconf 88' lang='lat' dir='ltr'><strong>A.</strong></span> <span class='ocrx_word' id='word_1_335' title='bbox 492 2901 552 2938; x_wconf 92' lang='lat' dir='ltr'><strong>com</strong></span> <span class='ocrx_word' id='word_1_336' title='bbox 571 2891 626 2939; x_wconf 86' lang='lat' dir='ltr'><strong>elio</strong></span> <span class='ocrx_word' id='word_1_337' title='bbox 643 2890 786 2938; x_wconf 83' lang='lat' dir='ltr'><strong>verborum</strong></span> <span class='ocrx_word' id='word_1_338' title='bbox 805 2890 902 2941; x_wconf 89' lang='lat' dir='ltr'><strong>ordine</strong></span> <span class='ocrx_word' id='word_1_339' title='bbox 920 2891 1048 2941; x_wconf 87' lang='lat' dir='ltr'><strong>traducta</strong></span> <span class='ocrx_word' id='word_1_340' title='bbox 1066 2898 1116 2939; x_wconf 83' lang='lat' dir='ltr'><strong>eet.</strong></span> 
     </span>
    </p>

    <p class='ocr_par' dir='ltr' id='par_1_4' title="bbox 145 2955 1200 3161">
     <span class='ocr_line' id='line_1_35' title="bbox 181 2955 1200 3023; baseline 0.001 -16"><span class='ocrx_word' id='word_1_341' title='bbox 181 2959 216 3007; x_wconf 89' lang='lat' dir='ltr'><strong>ad</strong></span> <span class='ocrx_word' id='word_1_342' title='bbox 240 2957 374 3020; x_wconf 87' lang='lat' dir='ltr'><strong>intimum]</strong></span> <span class='ocrx_word' id='word_1_343' title='bbox 401 2959 433 3008; x_wconf 89' lang='lat' dir='ltr'><strong>ld</strong></span> <span class='ocrx_word' id='word_1_344' title='bbox 458 2970 518 3008; x_wconf 84' lang='lat' dir='ltr'><strong>cunr</strong></span> <span class='ocrx_word' id='word_1_345' title='bbox 536 2959 674 3020; x_wconf 79' lang='lat' dir='ltr'><strong>plerisque</strong></span> <span class='ocrx_word' id='word_1_346' title='bbox 692 2957 773 3007; x_wconf 88' lang='lat' dir='ltr'><strong>Vind.</strong></span> <span class='ocrx_word' id='word_1_347' title='bbox 789 2960 841 3023; x_wconf 75' lang='lat' dir='ltr'><strong>A,</strong></span> <span class='ocrx_word' id='word_1_348' title='bbox 863 2958 913 3008; x_wconf 81' lang='lat' dir='ltr'><strong>aed</strong></span> <span class='ocrx_word' id='word_1_349' title='bbox 935 2959 975 3008; x_wconf 87' lang='lat' dir='ltr'><strong>ad</strong></span> <span class='ocrx_word' id='word_1_350' title='bbox 997 2955 1049 3021; x_wconf 73' lang='lat' dir='ltr'><strong>inti</strong></span> <span class='ocrx_word' id='word_1_351' title='bbox 1061 2987 1096 2997; x_wconf 92' lang='lat'><em>-</em></span> <span class='ocrx_word' id='word_1_352' title='bbox 1123 2970 1141 3009; x_wconf 91' lang='lat' dir='ltr'><strong>a</strong></span> <span class='ocrx_word' id='word_1_353' title='bbox 1165 2971 1200 3008; x_wconf 90' lang='lat' dir='ltr'><strong>m.</strong></span> 
     </span>
     <span class='ocr_line' id='line_1_36' title="bbox 147 3024 1200 3090; baseline 0.001 -14"><span class='ocrx_word' id='word_1_354' title='bbox 147 3039 206 3076; x_wconf 87' lang='lat' dir='ltr'><strong>ecc.</strong></span> <span class='ocrx_word' id='word_1_355' title='bbox 231 3030 384 3078; x_wconf 85' lang='lat' dir='ltr'><strong>correctum</strong></span> <span class='ocrx_word' id='word_1_356' title='bbox 407 3026 524 3077; x_wconf 83' lang='lat' dir='ltr'><strong>exhibet.</strong></span> <span class='ocrx_word' id='word_1_357' title='bbox 559 3027 595 3078; x_wconf 81' lang='lat' dir='ltr'><strong>ult</strong></span> <span class='ocrx_word' id='word_1_358' title='bbox 616 3024 723 3090; x_wconf 69' lang='lat' dir='ltr'><strong>infimis</strong></span> <span class='ocrx_word' id='word_1_359' title='bbox 747 3027 835 3077; x_wconf 78' lang='lat' dir='ltr'><strong>naen.</strong></span> <span class='ocrx_word' id='word_1_360' title='bbox 862 3027 901 3078; x_wconf 90' lang='lat' dir='ltr'><strong>ad</strong></span> <span class='ocrx_word' id='word_1_361' title='bbox 916 3039 1058 3078; x_wconf 70' lang='lat' dir='ltr'><strong>smmum</strong></span> <span class='ocrx_word' id='word_1_362' title='bbox 1076 3029 1125 3078; x_wconf 77' lang='lat'><strong>01.</strong></span> <span class='ocrx_word' id='word_1_363' title='bbox 1147 3027 1200 3085; x_wconf 78' lang='lat' dir='ltr'><strong>cn.</strong></span> 
     </span>
     <span class='ocr_line' id='line_1_37' title="bbox 145 3088 1175 3161; baseline 0 -16"><span class='ocrx_word' id='word_1_364' title='bbox 145 3096 209 3146; x_wconf 79' lang='lat' dir='ltr'><strong>Alo.</strong></span> <span class='ocrx_word' id='word_1_365' title='bbox 228 3099 271 3146; x_wconf 79' lang='lat' dir='ltr'><strong>ae.</strong></span> <span class='ocrx_word' id='word_1_366' title='bbox 290 3097 337 3148; x_wconf 79' lang='lat' dir='ltr'><strong>er.</strong></span> <span class='ocrx_word' id='word_1_367' title='bbox 358 3098 400 3147; x_wconf 80' lang='lat' dir='ltr'><strong>no.</strong></span> <span class='ocrx_word' id='word_1_368' title='bbox 420 3096 452 3145; x_wconf 88' lang='lat' dir='ltr'><strong>r.</strong></span> <span class='ocrx_word' id='word_1_369' title='bbox 469 3098 543 3147; x_wconf 84' lang='lat' dir='ltr'><strong>man.</strong></span> <span class='ocrx_word' id='word_1_370' title='bbox 562 3096 647 3148; x_wconf 80' lang='lat' dir='ltr'><strong>men</strong></span> <span class='ocrx_word' id='word_1_371' title='bbox 661 3098 739 3146; x_wconf 81' lang='lat' dir='ltr'><strong>rurr.</strong></span> <span class='ocrx_word' id='word_1_372' title='bbox 757 3096 835 3161; x_wconf 54' lang='grc' dir='ltr'><strong>μῆρε.</strong></span> <span class='ocrx_word' id='word_1_373' title='bbox 855 3097 896 3147; x_wconf 88' lang='lat' dir='ltr'><strong>lu.</strong></span> <span class='ocrx_word' id='word_1_374' title='bbox 914 3097 961 3149; x_wconf 76' lang='lat' dir='ltr'><strong>er.</strong></span> <span class='ocrx_word' id='word_1_375' title='bbox 979 3088 1016 3150; x_wconf 66' lang='grc' dir='ltr'><strong>εἰς</strong></span> <span class='ocrx_word' id='word_1_376' title='bbox 1032 3089 1089 3146; x_wconf 72' lang='lat' dir='ltr'><strong>do..</strong></span> <span class='ocrx_word' id='word_1_377' title='bbox 1107 3098 1175 3146; x_wconf 81' lang='lat' dir='ltr'><strong>mee.</strong></span> 
     </span>
    </p>

    <p class='ocr_par' dir='ltr' id='par_1_5' title="bbox 145 3164 1201 3292">
     <span class='ocr_line' id='line_1_38' title="bbox 180 3164 1201 3231; baseline 0.001 -17"><span class='ocrx_word' id='word_1_378' title='bbox 180 3164 243 3224; x_wconf 73' lang='lat'><strong>§.6</strong></span> <span class='ocrx_word' id='word_1_379' title='bbox 269 3167 361 3229; x_wconf 83' lang='lat' dir='ltr'><strong>digitis</strong></span> <span class='ocrx_word' id='word_1_380' title='bbox 386 3168 528 3231; x_wconf 85' lang='lat' dir='ltr'><strong>quattuor]</strong></span> <span class='ocrx_word' id='word_1_381' title='bbox 554 3168 636 3231; x_wconf 84' lang='lat' dir='ltr'><strong>Bong.</strong></span> <span class='ocrx_word' id='word_1_382' title='bbox 654 3168 688 3216; x_wconf 88' lang='lat' dir='ltr'><strong>A.</strong></span> <span class='ocrx_word' id='word_1_383' title='bbox 716 3165 759 3214; x_wconf 89' lang='lat' dir='ltr'><strong>Pl.</strong></span> <span class='ocrx_word' id='word_1_384' title='bbox 776 3166 840 3215; x_wconf 84' lang='lat' dir='ltr'><strong>Par.</strong></span> <span class='ocrx_word' id='word_1_385' title='bbox 860 3168 896 3216; x_wconf 92' lang='lat' dir='ltr'><strong>A.</strong></span> <span class='ocrx_word' id='word_1_386' title='bbox 925 3168 994 3214; x_wconf 88' lang='lat' dir='ltr'><strong>ven.</strong></span> <span class='ocrx_word' id='word_1_387' title='bbox 1011 3165 1033 3214; x_wconf 81' lang='lat' dir='ltr'><strong>i.</strong></span> <span class='ocrx_word' id='word_1_388' title='bbox 1067 3165 1201 3228; x_wconf 77' lang='lat' dir='ltr'><strong>Reliquae</strong></span> 
     </span>
     <span class='ocr_line' id='line_1_39' title="bbox 145 3233 1200 3292; baseline 0 -8"><span class='ocrx_word' id='word_1_389' title='bbox 145 3235 205 3285; x_wconf 85' lang='lat' dir='ltr'><strong>edd.</strong></span> <span class='ocrx_word' id='word_1_390' title='bbox 223 3247 320 3287; x_wconf 85' lang='lat' dir='ltr'><strong>nomen</strong></span> <span class='ocrx_word' id='word_1_391' title='bbox 336 3236 476 3288; x_wconf 85' lang='lat' dir='ltr'><strong>numerale</strong></span> <span class='ocrx_word' id='word_1_392' title='bbox 494 3247 556 3287; x_wconf 89' lang='lat' dir='ltr'><strong>cnm</strong></span> <span class='ocrx_word' id='word_1_393' title='bbox 579 3237 628 3286; x_wconf 84' lang='lat' dir='ltr'><strong>Dr.</strong></span> <span class='ocrx_word' id='word_1_394' title='bbox 646 3236 677 3284; x_wconf 87' lang='lat' dir='ltr'><strong>it.</strong></span> <span class='ocrx_word' id='word_1_395' title='bbox 694 3233 776 3290; x_wconf 74' lang='lat' dir='ltr'><strong>doti.</strong></span> <span class='ocrx_word' id='word_1_396' title='bbox 795 3234 825 3284; x_wconf 82' lang='lat' dir='ltr'><strong>lt.</strong></span> <span class='ocrx_word' id='word_1_397' title='bbox 842 3235 924 3292; x_wconf 81' lang='lat' dir='ltr'><strong>Vino.</strong></span> <span class='ocrx_word' id='word_1_398' title='bbox 943 3233 990 3283; x_wconf 81' lang='lat' dir='ltr'><strong>ri.</strong></span> <span class='ocrx_word' id='word_1_399' title='bbox 1016 3233 1111 3287; x_wconf 83' lang='lat' dir='ltr'><strong>itant.</strong></span> <span class='ocrx_word' id='word_1_400' title='bbox 1135 3237 1200 3284; x_wconf 89' lang='lat' dir='ltr'><strong>ante</strong></span> 
     </span>
    </p>
   </div>
   <div class='ocr_carea' id='block_1_4' title="bbox 110 3401 1199 3612">
    <p class='ocr_par' dir='ltr' id='par_1_6' title="bbox 110 3401 1199 3612">
     <span class='ocr_line' id='line_1_40' title="bbox 110 3401 1198 3472; baseline -0.003 -15"><span class='ocrx_word' id='word_1_401' title='bbox 110 3405 164 3457; x_wconf 83' lang='lat' dir='ltr'><strong>Ait</strong></span> <span class='ocrx_word' id='word_1_402' title='bbox 182 3408 210 3455; x_wconf 90' lang='lat' dir='ltr'><strong>et</strong></span> <span class='ocrx_word' id='word_1_403' title='bbox 228 3406 272 3455; x_wconf 72' lang='lat' dir='ltr'><strong>nil</strong></span> <span class='ocrx_word' id='word_1_404' title='bbox 298 3410 327 3458; x_wconf 91' lang='lat' dir='ltr'><strong>et</strong></span> <span class='ocrx_word' id='word_1_405' title='bbox 343 3408 409 3470; x_wconf 59' lang='lat' dir='ltr'><strong>um</strong></span> <span class='ocrx_word' id='word_1_406' title='bbox 440 3419 554 3472; x_wconf 87' lang='lat' dir='ltr'><strong>qnorum</strong></span> <span class='ocrx_word' id='word_1_407' title='bbox 579 3418 634 3459; x_wconf 79' lang='lat' dir='ltr'><strong>nn·</strong></span> <span class='ocrx_word' id='word_1_408' title='bbox 678 3403 742 3465; x_wconf 89' lang='lat' dir='ltr'><strong>quia</strong></span> <span class='ocrx_word' id='word_1_409' title='bbox 764 3401 832 3454; x_wconf 84' lang='lat' dir='ltr'><strong>nulli</strong></span> <span class='ocrx_word' id='word_1_410' title='bbox 851 3414 944 3453; x_wconf 81' lang='lat' dir='ltr'><strong>corun</strong></span> <span class='ocrx_word' id='word_1_411' title='bbox 968 3402 995 3453; x_wconf 89' lang='lat' dir='ltr'><strong>in</strong></span> <span class='ocrx_word' id='word_1_412' title='bbox 1020 3401 1198 3465; x_wconf 84' lang='lat' dir='ltr'><strong>quincuncem</strong></span> 
     </span>
     <span class='ocr_line' id='line_1_41' title="bbox 110 3473 1199 3541; baseline -0.001 -15"><span class='ocrx_word' id='word_1_413' title='bbox 110 3488 203 3528; x_wconf 84' lang='lat' dir='ltr'><strong>merua</strong></span> <span class='ocrx_word' id='word_1_414' title='bbox 220 3477 245 3526; x_wconf 85' lang='lat' dir='ltr'><strong>si</strong></span> <span class='ocrx_word' id='word_1_415' title='bbox 263 3477 326 3527; x_wconf 88' lang='lat' dir='ltr'><strong>aliis</strong></span> <span class='ocrx_word' id='word_1_416' title='bbox 344 3477 540 3541; x_wconf 80' lang='lat' dir='ltr'><strong>quincunciitne</strong></span> <span class='ocrx_word' id='word_1_417' title='bbox 557 3473 633 3529; x_wconf 73' lang='lat' dir='ltr'><strong>iasu-</strong></span> <span class='ocrx_word' id='word_1_418' title='bbox 677 3473 803 3532; x_wconf 82' lang='lat' dir='ltr'><strong>dienosill</strong></span> <span class='ocrx_word' id='word_1_419' title='bbox 820 3478 899 3540; x_wconf 81' lang='lat' dir='ltr'><strong>aunt,</strong></span> <span class='ocrx_word' id='word_1_420' title='bbox 921 3473 1045 3536; x_wconf 83' lang='lat' dir='ltr'><strong>cogitare</strong></span> <span class='ocrx_word' id='word_1_421' title='bbox 1064 3475 1090 3522; x_wconf 83' lang='lat' dir='ltr'><strong>o.</strong></span> <span class='ocrx_word' id='word_1_422' title='bbox 1106 3474 1127 3522; x_wconf 92' lang='lat' dir='ltr'><strong>l.</strong></span> <span class='ocrx_word' id='word_1_423' title='bbox 1146 3485 1199 3525; x_wconf 88' lang='lat' dir='ltr'><strong>nan</strong></span> 
     </span>
     <span class='ocr_line' id='line_1_42' title="bbox 111 3542 774 3612; baseline 0 -19"><span class='ocrx_word' id='word_1_424' title='bbox 111 3558 160 3607; x_wconf 76' lang='lat' dir='ltr'><strong>per</strong></span> <span class='ocrx_word' id='word_1_425' title='bbox 192 3547 329 3597; x_wconf 83' lang='lat' dir='ltr'><strong>adiunctis</strong></span> <span class='ocrx_word' id='word_1_426' title='bbox 354 3556 474 3612; x_wconf 81' lang='lat' dir='ltr'><strong>augetur</strong></span> <span class='ocrx_word' id='word_1_427' title='bbox 506 3549 577 3597; x_wconf 87' lang='lat' dir='ltr'><strong>hunc</strong></span> <span class='ocrx_word' id='word_1_428' title='bbox 606 3542 636 3596; x_wconf 90' lang='lat' dir='ltr'><strong>in</strong></span> <span class='ocrx_word' id='word_1_429' title='bbox 677 3542 774 3607; x_wconf 75' lang='lat' dir='ltr'><strong>potnit.</strong></span> 
     </span>
    </p>
   </div>
   <div class='ocr_carea' id='block_1_5' title="bbox 110 3617 1201 4250">
    <p class='ocr_par' dir='ltr' id='par_1_7' title="bbox 110 3617 1201 4250">
     <span class='ocr_line' id='line_1_43' title="bbox 112 3617 1198 3691; baseline -0.001 -13"><span class='ocrx_word' id='word_1_430' title='bbox 112 3617 235 3667; x_wconf 63' lang='lat' dir='ltr'><strong>fflssdflmss</strong></span> <span class='ocrx_word' id='word_1_431' title='bbox 730 3625 861 3691; x_wconf 78' lang='lat' dir='ltr'><strong>paulatini</strong></span> <span class='ocrx_word' id='word_1_432' title='bbox 884 3627 1046 3690; x_wconf 80' lang='lat' dir='ltr'><strong>angustiore</strong></span> <span class='ocrx_word' id='word_1_433' title='bbox 1071 3626 1107 3676; x_wconf 89' lang='lat' dir='ltr'><strong>ad</strong></span> <span class='ocrx_word' id='word_1_434' title='bbox 1133 3625 1198 3677; x_wconf 84' lang='lat' dir='ltr'><strong>inti·</strong></span> 
     </span>
     <span class='ocr_line' id='line_1_44' title="bbox 286 3684 1200 3760; baseline 0.001 -13"><span class='ocrx_word' id='word_1_435' title='bbox 286 3686 309 3734; x_wconf 77' lang='lat'><strong>11</strong></span> <span class='ocrx_word' id='word_1_436' title='bbox 360 3684 386 3735; x_wconf 73' lang='lat' dir='ltr'>K</span> <span class='ocrx_word' id='word_1_437' title='bbox 438 3684 462 3733; x_wconf 76' lang='grc' dir='ltr'><strong>Ν</strong></span> <span class='ocrx_word' id='word_1_438' title='bbox 678 3711 750 3748; x_wconf 81' lang='lat' dir='ltr'><strong>mum</strong></span> <span class='ocrx_word' id='word_1_439' title='bbox 781 3695 1200 3760; x_wconf 74' lang='lat' dir='ltr'><strong>iasttgt01mrooiouiotera</strong></span> 
     </span>
     <span class='ocr_line' id='line_1_45' title="bbox 328 3748 1201 3830; baseline -0.002 -11"><span class='ocrx_word' id='word_1_440' title='bbox 328 3748 341 3800; x_wconf 80' lang='grc' dir='ltr'>Ῐ</span> <span class='ocrx_word' id='word_1_441' title='bbox 399 3754 427 3803; x_wconf 77' lang='grc' dir='ltr'>Μ</span> <span class='ocrx_word' id='word_1_442' title='bbox 678 3781 733 3818; x_wconf 92' lang='lat' dir='ltr'><strong>non</strong></span> <span class='ocrx_word' id='word_1_443' title='bbox 757 3768 838 3817; x_wconf 84' lang='lat' dir='ltr'><strong>eraut</strong></span> <span class='ocrx_word' id='word_1_444' title='bbox 863 3765 986 3830; x_wconf 83' lang='lat' dir='ltr'><strong>directa,</strong></span> <span class='ocrx_word' id='word_1_445' title='bbox 1010 3767 1059 3816; x_wconf 84' lang='lat' dir='ltr'><strong>eed</strong></span> <span class='ocrx_word' id='word_1_446' title='bbox 1083 3765 1118 3814; x_wconf 89' lang='lat' dir='ltr'><strong>ad</strong></span> <span class='ocrx_word' id='word_1_447' title='bbox 1136 3765 1201 3817; x_wconf 86' lang='lat' dir='ltr'><strong>iuti·</strong></span> 
     </span>
     <span class='ocr_line' id='line_1_46' title="bbox 286 3820 1201 3896; baseline 0 -8"><span class='ocrx_word' id='word_1_448' title='bbox 286 3823 309 3871; x_wconf 74' lang='grc' dir='ltr'>Ε</span> <span class='ocrx_word' id='word_1_449' title='bbox 362 3821 384 3873; x_wconf 75' lang='lat'><strong>⁰</strong></span> <span class='ocrx_word' id='word_1_450' title='bbox 437 3820 462 3871; x_wconf 71' lang='lat'><strong>‘3</strong></span> <span class='ocrx_word' id='word_1_451' title='bbox 679 3850 749 3886; x_wconf 86' lang='lat' dir='ltr'><strong>mum</strong></span> <span class='ocrx_word' id='word_1_452' title='bbox 768 3841 797 3887; x_wconf 90' lang='lat' dir='ltr'><strong>et</strong></span> <span class='ocrx_word' id='word_1_453' title='bbox 820 3837 930 3886; x_wconf 78' lang='lat' dir='ltr'><strong>fundum</strong></span> <span class='ocrx_word' id='word_1_454' title='bbox 949 3848 1050 3887; x_wconf 78' lang='lat' dir='ltr'><strong>versuo</strong></span> <span class='ocrx_word' id='word_1_455' title='bbox 1067 3836 1201 3896; x_wconf 75' lang='lat' dir='ltr'><strong>paulatin</strong></span> 
     </span>
     <span class='ocr_line' id='line_1_47' title="bbox 323 3891 1199 3968; baseline 0.001 -13"><span class='ocrx_word' id='word_1_456' title='bbox 323 3892 344 3941; x_wconf 78' lang='grc' dir='ltr'><strong>Β</strong></span> <span class='ocrx_word' id='word_1_457' title='bbox 402 3891 425 3942; x_wconf 65' lang='lat'><strong>¹³¹</strong></span> <span class='ocrx_word' id='word_1_458' title='bbox 678 3907 838 3968; x_wconf 80' lang='lat' dir='ltr'><strong>angustiore</strong></span> <span class='ocrx_word' id='word_1_459' title='bbox 852 3913 880 3953; x_wconf 89' lang='lat' dir='ltr'><strong>et</strong></span> <span class='ocrx_word' id='word_1_460' title='bbox 893 3903 1199 3956; x_wconf 77' lang='lat' dir='ltr'><strong>contractioratiebnnt·</strong></span> 
     </span>
     <span class='ocr_line' id='line_1_48' title="bbox 284 3960 1201 4037; baseline 0.003 -14"><span class='ocrx_word' id='word_1_461' title='bbox 284 3964 309 4011; x_wconf 69' lang='grc' dir='ltr'><strong>Α</strong></span> <span class='ocrx_word' id='word_1_462' title='bbox 361 3962 385 4012; x_wconf 78' lang='lat' dir='ltr'>D</span> <span class='ocrx_word' id='word_1_463' title='bbox 436 3960 463 4010; x_wconf 79' lang='grc' dir='ltr'><strong><em>Η</em></strong></span> <span class='ocrx_word' id='word_1_464' title='bbox 677 3974 766 4036; x_wconf 87' lang='lat' dir='ltr'><strong>Atque</strong></span> <span class='ocrx_word' id='word_1_465' title='bbox 785 3978 855 4025; x_wconf 82' lang='lat' dir='ltr'><strong>hano</strong></span> <span class='ocrx_word' id='word_1_466' title='bbox 873 3973 962 4037; x_wconf 78' lang='lat' dir='ltr'><strong>ipsam</strong></span> <span class='ocrx_word' id='word_1_467' title='bbox 980 3976 1096 4024; x_wconf 81' lang='lat' dir='ltr'><strong>laterum</strong></span> <span class='ocrx_word' id='word_1_468' title='bbox 1116 3986 1201 4027; x_wconf 86' lang='lat' dir='ltr'><strong>coar·</strong></span> 
     </span>
     <span class='ocr_line' id='line_1_49' title="bbox 112 4041 1196 4107; baseline -0.001 -14"><span class='ocrx_word' id='word_1_469' title='bbox 112 4041 195 4094; x_wconf 79' lang='lat' dir='ltr'><strong>simul</strong></span> <span class='ocrx_word' id='word_1_470' title='bbox 228 4045 321 4107; x_wconf 79' lang='lat' dir='ltr'><strong>olores</strong></span> <span class='ocrx_word' id='word_1_471' title='bbox 348 4053 500 4097; x_wconf 82' lang='lat' dir='ltr'><strong>nascuntur</strong></span> <span class='ocrx_word' id='word_1_472' title='bbox 526 4041 635 4095; x_wconf 82' lang='lat' dir='ltr'><strong>ordines</strong></span> <span class='ocrx_word' id='word_1_473' title='bbox 677 4042 886 4094; x_wconf 87' lang='lat' dir='ltr'><strong>tationemetin</strong></span> <span class='ocrx_word' id='word_1_474' title='bbox 900 4044 1196 4106; x_wconf 76' lang='lat' dir='ltr'><strong>unumidemqoenun·</strong></span> 
     </span>
     <span class='ocr_line' id='line_1_50' title="bbox 110 4112 1197 4182; baseline 0.001 -21"><span class='ocrx_word' id='word_1_475' title='bbox 110 4113 229 4178; x_wconf 81' lang='lat' dir='ltr'><strong>obliqui:</strong></span> <span class='ocrx_word' id='word_1_476' title='bbox 252 4117 319 4179; x_wconf 76' lang='lat' dir='ltr'><strong>Dii,</strong></span> <span class='ocrx_word' id='word_1_477' title='bbox 339 4117 406 4182; x_wconf 82' lang='lat' dir='ltr'><strong>AN,</strong></span> <span class='ocrx_word' id='word_1_478' title='bbox 425 4117 491 4182; x_wconf 74' lang='lat' dir='ltr'><strong>iili,</strong></span> <span class='ocrx_word' id='word_1_479' title='bbox 511 4115 557 4164; x_wconf 85' lang='lat' dir='ltr'><strong>vei</strong></span> <span class='ocrx_word' id='word_1_480' title='bbox 576 4114 634 4175; x_wconf 81' lang='lat' dir='ltr'><strong>DE,</strong></span> <span class='ocrx_word' id='word_1_481' title='bbox 678 4117 751 4162; x_wconf 89' lang='lat' dir='ltr'><strong>ctum</strong></span> <span class='ocrx_word' id='word_1_482' title='bbox 774 4112 975 4163; x_wconf 86' lang='lat' dir='ltr'><strong>inclinationem</strong></span> <span class='ocrx_word' id='word_1_483' title='bbox 1000 4115 1106 4166; x_wconf 81' lang='lat' dir='ltr'><strong>caesar</strong></span> <span class='ocrx_word' id='word_1_484' title='bbox 1132 4117 1156 4162; x_wconf 84' lang='grc' dir='ltr'><strong>Ιι.</strong></span> <span class='ocrx_word' id='word_1_485' title='bbox 1177 4114 1197 4163; x_wconf 91' lang='grc' dir='ltr'><strong>Ι.</strong></span> 
     </span>
     <span class='ocr_line' id='line_1_51' title="bbox 110 4182 1198 4250; baseline -0.004 -15"><span class='ocrx_word' id='word_1_486' title='bbox 110 4183 178 4248; x_wconf 65' lang='grc' dir='ltr'><strong>ΗΒ,</strong></span> <span class='ocrx_word' id='word_1_487' title='bbox 209 4184 277 4250; x_wconf 71' lang='grc' dir='ltr'><strong>6Κ;</strong></span> <span class='ocrx_word' id='word_1_488' title='bbox 296 4187 345 4243; x_wconf 78' lang='lat' dir='ltr'><strong>de</strong></span> <span class='ocrx_word' id='word_1_489' title='bbox 376 4184 476 4250; x_wconf 73' lang='lat' dir='ltr'><strong>quinne</strong></span> <span class='ocrx_word' id='word_1_490' title='bbox 507 4183 634 4249; x_wconf 74' lang='lat' dir='ltr'><strong>scriptor,</strong></span> <span class='ocrx_word' id='word_1_491' title='bbox 679 4182 832 4250; x_wconf 71' lang='lat' dir='ltr'><strong>{antiniana</strong></span> <span class='ocrx_word' id='word_1_492' title='bbox 851 4184 990 4249; x_wconf 67' lang='lat' dir='ltr'><strong>aqueum</strong></span> <span class='ocrx_word' id='word_1_493' title='bbox 1007 4184 1035 4235; x_wconf 76' lang='lat' dir='ltr'><strong>ct</strong></span> <span class='ocrx_word' id='word_1_494' title='bbox 1048 4183 1119 4248; x_wconf 87' lang='lat' dir='ltr'><strong>qaod</strong></span> <span class='ocrx_word' id='word_1_495' title='bbox 1134 4183 1198 4232; x_wconf 59' lang='lat' dir='ltr'><strong>vui</strong></span> 
     </span>
    </p>
   </div>
   <div class='ocr_carea' id='block_1_6' title="bbox 0 0 1354 4726">
    <p class='ocr_par' dir='ltr' id='par_1_8' title="bbox 0 0 1354 4726">
     <span class='ocr_line' id='line_1_52' title="bbox 0 0 1354 4726; baseline 0 2"><span class='ocrx_word' id='word_1_496' title='bbox 0 0 1354 4726; x_wconf 95' lang='lat' dir='ltr'><strong> </strong></span> 
     </span>
    </p>
   </div>
  </div>
 </body>
</html>
