2700 4726
318 284 321 289 ’
380 284 599 366 1111111.
648 280 820 368 cauo
1086 296 1152 385 aar

63 466 302 630 supplemengi.
319 479 562 589 equitatusque
588 481 728 588 cogendi
757 481 799 547 ab
824 481 973 587 enercitu
995 481 1152 568 discedit,

61 568 891 747 iiiiii?iiiititqiiiiitiiiiiiii
909 574 1193 749 ffig'iiiiiff
1231 746 1234 751 ἢ

128 833 352 894 adulescentem]
378 835 462 899 Bonge
486 837 519 884 Α.
541 834 628 885 Voss.
649 835 683 882 A.
700 835 779 897 Egm.
798 833 863 885 Par.
882 824 919 884 Α.
938 835 1020 887 Vrat.
1040 836 1080 888 Α.
1093 844 1151 885 non

93 903 171 954 adol.
207 901 250 952 ct.
272 903 335 955 adn.
353 916 393 953 cr.
413 907 449 954 ad
465 917 489 954 c.
506 900 526 953 t
544 904 571 965 S.
592 904 616 955 1.
633 907 859 964 (adolescentem
876 906 923 955 Dr.
930 907 961 954 B.
975 906 1014 956 ad
1031 906 1152 956 dercen-

93 972 211 1024 deatem
229 969 337 1037 Hamb.)

128 1041 189 1101 his]
207 1041 275 1090 Lbb.
296 1041 361 1091 Par.
380 1041 415 1091 A.
432 1041 481 1092 Dr.
501 1042 557 1096 AB.
576 1041 660 1091 vind.
678 1040 781 1092 sucu.
801 1041 853 1091 tiu.
873 1041 935 1091 edd.
953 1040 1020 1093 ante
1033 1041 1062 1090 P.
1076 1043 1151 1092 Mun.

92 1109 183 1171 Freit.
202 1112 283 1161 durr.
302 1110 358 1160 irtio
376 1111 462 1176 Bong.
482 1115 516 1162 A.
535 1112 576 1162 Pl.
595 1113 678 1163 Vrat.
697 1108 776 1167 ABG.
794 1112 891 1162 liamb.
908 1123 962 1163 om.
980 1111 1065 1163 Vind.
1083 1110 1105 1161 Ι.
1125 1110 1152 1162 ts

93 1179 129 1232 P.
145 1172 222 1229 iden.
239 1180 276 1230 iis
296 1180 378 1230 Goth.
396 1182 426 1227 B.
444 1181 506 1230 uid.
524 1183 549 1231 b.
569 1180 646 1243 Lips.
666 1192 726 1242 sqq.

128 1247 156 1309 S.
177 1252 194 1298 2
219 1249 307 1299 omnis
325 1250 434 1310 partes]
458 1251 544 1314 Bong.
564 1254 597 1299 Α.
617 1251 701 1301 Voss.
720 1246 777 1299 Ac.
796 1248 860 1299 Pur.
880 1250 915 1298 A.
929 1247 1061 1298 'omnimo
1077 1258 1170 1312 par-r

94 1317 172 1369 titas
198 1318 279 1369 Leid.
304 1317 355 1368 BC.
382 1320 465 1372 Vret.
494 1321 522 1372 B.
542 1318 597 1369 inc.
615 1331 712 1368 omnes
724 1319 830 1381 partes
847 1317 978 1383 „reliqui
987 1315 1005 1346 “
1023 1319 1096 1370 Har.
1115 1319 1151 1367 Α.

92 1388 143 1437 Dr.
163 1389 220 1437 Ab.
240 1388 321 1441 Vrat.
338 1386 394 1439 Ac.
413 1389 494 1442 Goth.
512 1391 541 1440 B.
560 1389 656 1440 Hamb.
668 1386 753 1439 Vicd
769 1386 825 1440 AB.
846 1387 906 1439 edd.
926 1391 993 1437 ante
1009 1387 1078 1438 (tud.
1098 1399 1152 1436 ex-

62 1541 155 1594 ceroui
180 1540 294 1610 circiter
318 1538 465 1594 duodecies
491 1545 583 1602 (locos
625 1541 689 1608 rige
711 1541 829 1608 cogendi
850 1540 1034 1609 videbantur,
1066 1542 1153 1604 atque

60 1612 196 1663 indicavit
206 1611 285 1679 Otto)
297 1615 351 1664 hac
364 1615 483 1664 formula
494 1615 585 1665 utenti
627 1625 662 1663 ca
686 1625 772 1667 causa
795 1616 830 1664 ab
855 1615 981 1664 exercitu
1007 1612 1153 1663 discedere

60 1685 89 1734 et
115 1695 228 1744 semper
255 1696 324 1747 resa,
355 1697 492 1747 nunquam
518 1685 585 1734 usai
627 1695 659 1731 se
678 1683 795 1734 dicebat.
829 1683 885 1732 Sed
907 1696 940 1733 re
962 1694 1033 1733 vera
1051 1678 1152 1730 tende·-

60 1752 195 1802 scribenti
221 1752 283 1814 quis
308 1753 404 1817 credat
422 1757 492 1804 nunc
510 1754 585 1804 dati·
626 1752 675 1802 bat
698 1753 734 1802 ad
758 1751 901 1823 legiones,
930 1753 1069 1815 aquibus
1094 1750 1153 1801 iem

10 1866 15 1887 ‚
59 1835 123 1872 run
150 1822 244 1883 potius
274 1834 339 1872 esse
363 1823 471 1886 visum,
503 1836 584 1883 quam
626 1824 772 1871 averterat
781 1821 1050 1886 Vercingetorigem,
1067 1821 1152 1883 atque

59 1885 236 1943 ablativum?
276 1892 313 1940 Et
336 1893 431 1953 quidni
454 1905 509 1941 asa
533 1905 584 1941 seu
626 1890 696 1939 illud
717 1887 791 1951 ¹prae
810 1903 840 1938 se
859 1893 968 1940 ferebat
987 1893 1033 1940 vel
1050 1893 1081 1938 ut
1100 1892 1153 1938 lio·

60 1960 236 2023 experientia
248 1963 351 2011 venire
365 1960 584 2012 alicuiseucon-
628 1963 688 2007 stes
705 1959 852 2009 consilium
873 1973 952 2008 suum
968 1961 1085 2023 celaret,
1102 1957 1153 2007 vei

60 2031 168 2094 tingere
193 2030 300 2090 aliquid
319 2031 414 2079 eodem
432 2031 512 2079 modo
531 2028 585 2078 dici
627 2031 658 2077 ut
676 2028 780 2093 copias,
798 2040 867 2090 quas
886 2041 946 2078 curu
961 2030 1047 2078 Bruto
1062 2028 1152 2078 reliu-

60 2100 186 2162 potuisse
202 2098 348 2163 videatur,
367 2111 420 2161 quo
436 2099 586 2149 hereditas
628 2099 737 2160 quebat,
754 2097 938 2146 confirmaret.
961 2098 1018 2148 Per
1025 2109 1152 2159 caucam,

59 2168 172 2234 tenire,
191 2171 307 2220 litterae
325 2170 427 2218 venire
444 2168 529 2218 alicui
541 2169 585 2216 di·
627 2166 738 2215 etiamsi
762 2166 823 2216 civ.
848 2169 883 2228 3,
914 2168 949 2217 76
976 2167 1002 2226 s.
1030 2171 1044 2216 1
1068 2165 1153 2215 aliter

60 2240 194 2289 debentur
218 2249 289 2299 quae
314 2238 350 2286 ad
374 2237 496 2299 aliquem
519 2250 585 2298 per·
626 2235 729 2284 dictum
747 2235 796 2300 sit,
814 2234 884 2283 satis
902 2236 1152 2297 coustatplerum-
1198 2278 1199 2281 ,

58 2313 197 2358 venturae
218 2300 335 2355 essenti
375 2311 417 2355 Ac
436 2301 586 2356 Caesarem
628 2319 680 2367 que
701 2305 772 2353 idem
788 2305 964 2370 significare,
985 2307 1057 2369 quod
1077 2305 1153 2354 Ger·

59 2390 167 2442 quoque
184 2388 302 2437 usapro
317 2376 439 2426 ablativo
454 2377 584 2425 babuisse
625 2374 764 2424 manicam
800 2376 874 2428 antee
908 2376 962 2429 bear
994 2376 1154 2436 fficttccubes

59 2459 92 2498 ec
115 2449 146 2496 tit
170 2446 369 2511 verisimilius,
400 2446 472 2506 quod
502 2446 584 2495 eddi·
627 2444 699 2507 quod
718 2445 807 2504 ipsum
827 2444 903 2492 recte
923 2447 1018 2505 posuit
1032 2445 1153 2495 Franci·
1216 2486 1218 2491 ,

59 2518 99 2567 dit
116 2516 248 2579 opinione
264 2517 470 2579 praeceperat,
496 2528 583 2577 expe·
626 2513 844 2577 scuspwagueu
867 2514 962 2574 lapsus
977 2516 1026 2564 ilie
1039 2515 1068 2563 in
1082 2527 1154 2578 sap-

58 2586 180 2636 rientiae
197 2596 340 2646 opponens
353 2585 539 2634 coniecturam
555 2585 584 2633 et
625 2583 762 2647 plemeatt
794 2581 904 2632 nomine
925 2583 1153 2646 interpretando:

58 2657 131 2720 quod
143 2666 211 2703 usus
226 2654 395 2704 adducturus
409 2654 479 2702 etin
494 2654 582 2705 medio
627 2666 651 2706 a.
672 2655 694 2706 b.
708 2652 741 2706 ii.
760 2649 809 2704 etue
823 2651 993 2721 dieitutttuaq
1011 2650 1155 2722 angustatur

58 2726 203 2789 positurus
230 2727 325 2788 esset,
355 2723 384 2772 id
405 2727 583 2783 praeceptum
626 2717 691 2788 (acb
708 2721 744 2774 bic
754 2720 862 2774 diritati
880 2721 1153 2792 qutcmmecquqiebca).

59 2799 88 2846 et
119 2795 285 2854 occupatum
321 2793 415 2842 dicens
445 2793 583 2853 opinione.
680 2792 715 2839 ab
732 2792 857 2839 exercitu
871 2792 1001 2851 discedit]
1018 2805 1074 2841 non
1090 2794 1154 2840 diu·

57 2866 118 2916 Nec
146 2864 233 2912 aliter
264 2862 354 2911 visum
384 2861 495 2911 videtur
518 2861 586 2911 betti
630 2859 705 2926 tius,
730 2870 812 2922 quam
840 2859 948 2912 biduum
972 2861 1001 2910 iu
1019 2861 1062 2911 his
1081 2861 1154 2910 iocis

57 2933 148 2986 Africi
164 2931 306 2994 scriptori,
327 2930 374 2993 qui
390 2945 413 2982 c.
428 2931 474 2998 57,
492 2934 508 2979 3
523 2943 585 2978 cum
628 2931 751 2978 moratus
764 2929 878 2978 necdum
891 2930 925 2979 de
941 2931 1064 2980 adventu
1077 2931 1154 2981 Ver-

58 3017 116 3055 rrsu
140 3002 253 3052 ventsse
276 3000 329 3051 boc
353 3001 444 3049 iunxit
462 3000 586 3048 dativum
629 2999 809 3062 cingetorigis
833 2999 938 3049 certior
962 3000 1071 3064 tuctus,
1104 3001 1155 3051 sed

58 3073 117 3122 cici
138 3073 282 3122 Romano.
322 3070 367 3118 Ad
398 3071 517 3119 alterum
548 3069 585 3118 ct.
630 3069 702 3129 quod
721 3080 782 3117 eum
801 3067 829 3116 in
842 3070 987 3121 Arvernos
1005 3071 1100 3122 castra
1118 3082 1156 3118 ex

58 3143 124 3193 Liv.
141 3141 185 3203 35,
204 3141 238 3189 35
258 3138 284 3197 S.
303 3136 319 3189 5
336 3151 372 3188 ne
389 3153 420 3190 se
434 3139 586 3189 adbellare
628 3137 799 3199 Biturigibus
823 3141 959 3189 moturum
983 3144 1012 3189 et
1029 3152 1047 3190 a
1063 3139 1155 3202 legio-

58 3209 213 3261 armerum
232 3211 285 3258 aut
302 3221 365 3258 rem
382 3211 480 3272 allam,
500 3219 586 3271 quam
627 3208 708 3256 nibus
732 3209 927 3258 abscessurum
950 3222 1014 3259 esse
1039 3208 1157 3270 praevi-

59 3292 117 3332 σιω
132 3279 401 3344 qaisqaecpiar'cne
414 3279 586 3342 praecipere
629 3276 718 3324 derat.
754 3277 930 3328 Exercitum
949 3279 1074 3339 appellat
1098 3289 1155 3328 non

56 3351 178 3416 posset,
202 3348 360 3398 crederent
385 3349 486 3398 missos
513 3359 584 3397 erse.
628 3350 742 3407 propter
760 3346 887 3410 illorum,
907 3359 926 3397 a
945 3348 1042 3407 quibus
1061 3346 1155 3396 disce·

57 3431 140 3485 quen
156 3419 250 3468 locum
262 3417 476 3466 ostenditAldus
489 3429 585 3477 nepos.
629 3417 720 3476 debat,
728 3427 880 3482 numerum,
888 3415 934 3476 qui
940 3417 1058 3479 exiguus
1065 3415 1156 3467 fuisso

112 3500 164 3550 per
181 3497 294 3537 causam
309 3487 493 3549 supplementi
506 3485 587 3547 equi·
630 3485 756 3547 videtur,
777 3485 827 3533 scd
847 3486 919 3546 quod
938 3485 1008 3549 ipse,
1028 3486 1075 3547 qui
1093 3485 1154 3534 dis-

59 3559 193 3620 tetusque
212 3556 588 3619 cogendi]·supplemeutum
631 3555 763 3619 cedebat,
780 3554 933 3614 imperator
953 3558 1031 3616 erat3
1064 3567 1156 3618 neque

60 3626 169 3678 caesar
194 3639 218 3675 c.
237 3627 256 3676 7
274 3624 300 3685 S.
324 3624 340 3675 5
356 3630 383 3674 'a
401 3638 432 3674 se
450 3638 485 3675 ex
503 3625 588 3674 ltalia
630 3624 702 3674 alios
720 3623 847 3686 designat
864 3624 1042 3684 sequentibus
1059 3624 1155 3675 verbis

60 3697 211 3747 adductum
234 3694 263 3743 iu
289 3694 407 3742 Helvios
436 3695 587 3745 convenire
630 3694 674 3742 bio
692 3693 791 3756 copiis,
810 3703 879 3754 quae
897 3704 1044 3753 perperam
1061 3694 1155 3744 Grae-

58 3764 168 3816 iussum
186 3763 315 3814 ostendit.
352 3764 457 3812 Horum
470 3765 587 3812 miiitum
630 3776 679 3812 cus
694 3761 750 3815 coir
760 3753 885 3810 ἱππεῦσιν
893 3760 1092 3824 interpretatus
1100 3767 1154 3814 est.

59 3848 128 3898 pars
143 3836 224 3883 orduo
237 3833 587 3883 ilionoudumconvenisse
680 3831 792 3880 Brutum
806 3829 1024 3892 adulescentem]
1039 3831 1153 3885 (ibadn.

57 3906 180 3954 videtur.
225 3903 315 3952 Etiam
341 3903 449 3965 equites
470 3914 588 3964 expro-
630 3901 667 3950 ad
686 3905 719 3967 3,
741 3901 772 3949 11
791 3898 818 3959 S.
836 3897 862 3948 5.

57 3975 156 4024 vincia
170 3971 374 4035 praetcrillos,
389 3972 510 4034 quicum
526 3971 587 4032 ipso
683 3968 708 4028 S.
729 3970 756 4018 2.
775 3967 976 4032 pervagentur]
1003 3967 1155 4033 Praeposi-

57 4043 184 4106 protecti
200 4043 353 4103 venerant,
385 4042 414 4095 iu
433 4041 535 4092 itinere
551 4040 588 4089 ad
631 4038 670 4089 tio
683 4037 830 4088 referenda
844 4039 955 4089 videtur
969 4038 1005 4088 ad
1014 4041 1154 4105 regiones,

56 4124 119 4162 eum
149 4111 243 4162 fuisse
263 4110 393 4159 credibile
411 4112 464 4159 est.
499 4109 535 4159 lii
553 4121 587 4160 o-
631 4120 747 4171 quorum
761 4106 838 4158 notio
851 4109 1009 4159 continetur
1022 4109 1155 4162 adverbio

52 4191 135 4236 mes
149 4177 587 4247 appropinquanteVercingetc·
630 4177 778 4232 teterrime.
813 4166 857 4230 bt.
877 4175 958 4233 cdi
976 4175 1004 4240 s.
1025 4178 1049 4227 1.
1107 4235 1110 4241 ,
