2700 4726
373 278 584 375 ιιιιιι.
627 276 818 351 ennae
1071 277 1137 343 aei

58 469 166 535 fanore
188 472 311 552 cogunt
330 487 400 548 eos,
417 464 692 555 qui'negotiandi
714 488 814 533 causa
835 465 884 532 ibi
904 463 1138 531 constiterant.

60 556 132 623 Hos
169 560 328 621 continuo
360 556 396 620 in
424 556 546 621 itinero
579 553 690 621 adorti
720 553 874 621 omnibus
900 549 1181 639 inpedimcntis6

58 650 204 723 exuunt,
241 651 467 731 repugnantes
490 643 576 708 diem
602 649 801 729 noctemque
820 639 996 720 obsidunt,
1020 639 1137 703 multis

57 733 227 817 utrimque
246 731 435 799 interfectis
453 732 612 797 maiorem
633 729 882 797 multitudinem
898 726 941 793 ad
955 751 1047 795 arma
1060 747 1141 794 oon-

88 944 201 1002 praoter
217 933 287 987 And.
306 938 335 987 ot
356 937 407 989 Ox.
425 936 597 991 auctoritate.
631 939 670 989 At
689 950 715 991 c.
732 938 769 989 90
785 935 811 999 S.
829 941 849 993 7
865 936 989 1005 plerique
1006 935 1071 987 Uol.
1089 947 1140 985 ex·

90 1007 194 1066 libent,
213 1019 282 1069 quae
301 1020 346 1056 res
364 1005 485 1057 movisse
497 1007 716 1071 oudendorpium
734 1009 853 1076 videtur,
873 1010 902 1058 ut
919 1010 946 1061 b.
963 1008 982 1057 l.
1000 1007 1141 1068 vulgatam
1190 1010 1195 1016 ·

89 1076 259 1139 scripturam
276 1078 393 1140 teneret,
410 1089 569 1139 quamquam
586 1092 604 1128 o
617 1077 705 1140 magis
723 1078 776 1127 sibi
790 1080 911 1143 placere,
928 1076 996 1127 utin
1009 1074 1142 1127 Cevenna

90 1148 119 1197 et
139 1145 301 1211 Gerpooie,
328 1158 382 1196 non
404 1145 596 1198 dissimulavit.
631 1148 684 1197 sed
702 1159 720 1197 a
736 1149 874 1197 codicibus
891 1145 997 1197 omnino
1016 1159 1034 1195 o
1052 1144 1141 1194 maio-

90 1229 148 1269 rem
166 1214 424 1265 commendationem
443 1217 540 1283 habet,
572 1214 669 1279 quippe
685 1217 755 1278 quod
778 1230 803 1267 e.
824 1219 861 1267 90
877 1215 904 1267 in
922 1215 999 1267 Laid.
1018 1211 1050 1264 A.
1068 1215 1141 1262 ilar.

90 1287 125 1337 A.
141 1284 225 1336 vind.
239 1289 271 1332 A·
289 1287 389 1349 exstet,
406 1296 517 1346 quorum
534 1284 716 1337 consentienti
734 1285 763 1335 in
780 1290 892 1349 utroque
909 1286 970 1336 loco
987 1280 1141 1334 testimonio

90 1357 152 1418 pluo
168 1351 341 1402 tribuendum
362 1359 415 1419 est,
432 1367 510 1417 quarn
529 1356 692 1418 reliquorum
708 1354 915 1406 inconstantiae.

125 1424 151 1487 §.
170 1423 186 1472 5
202 1422 229 1472 in
247 1421 357 1481 itinere]
375 1422 407 1473 tn
422 1435 473 1473 out.
492 1426 588 1489 „Mais¹
607 1421 734 1486 plurimi“
754 1425 812 1475 Pet.
830 1426 904 1476 Gott.
919 1424 1000 1474 Voss.
1016 1423 1049 1473 A.
1064 1424 1143 1486 Egm.

92 1495 162 1544 Lov.
182 1494 265 1554 Bong.
287 1495 320 1544 A.
338 1491 402 1542 Par.
421 1494 455 1541 Α.
470 1493 542 1543 liar.
562 1497 596 1546 Α.
619 1494 667 1542 Dr.
687 1490 720 1542 A.
740 1494 819 1545 Vrat.
842 1494 898 1545 Ac.
917 1496 945 1543 ct
962 1506 980 1544 a
996 1506 1031 1544 rn.
1050 1505 1094 1556 pr.
1104 1480 1141 1542 u.

74 1564 172 1613 doti.
191 1563 221 1610 ll.
245 1561 341 1612 llumb.
360 1561 412 1612 Gu.
430 1561 513 1614 Vind.
531 1562 610 1612 acu.
629 1564 701 1616 Ven.
719 1562 741 1614 i.
761 1563 803 1613 cl.
838 1565 870 1614 ld
888 1559 1143 1614 tolerabilevisnnr

92 1631 285 1682 liaumstarliio
309 1631 404 1682 tndem
425 1632 468 1682 ale
493 1632 581 1682 tinen
598 1633 655 1698 auf
669 1633 724 1682 der
743 1634 832 1684 Stetit
850 1633 1037 1701 nocbfotpten
1054 1629 1143 1680 inter·

93 1701 212 1763 pretenti
228 1708 256 1749 et
273 1700 388 1749 ablativi
406 1713 485 1750 nsum
503 1702 670 1760 comparanti
687 1714 748 1752 cunr
764 1714 807 1766 eo,
827 1703 873 1765 qui
893 1704 916 1767 l,
936 1702 969 1752 18
987 1705 1014 1766 s.
1035 1698 1143 1751 tobei-

94 1780 140 1821 uet
156 1772 186 1820 in
204 1768 297 1819 verbis
314 1769 437 1832 imperio
454 1770 551 1834 populi
564 1770 700 1837 ltomnm‘,
717 1784 795 1833 quem
807 1773 963 1823 absolutum
973 1766 1056 1836 dicit3
1073 1770 1144 1837 quod

92 1847 235 1902 utrumque
252 1839 356 1900 pariter
373 1850 390 1888 a
407 1851 476 1890 vern
493 1840 629 1891 abhorret.

127 1908 156 1968 S.
173 1912 190 1959 6
209 1906 411 1974 inpedimentis]
428 1909 510 1958 vind.
523 1909 557 1957 A.
573 1903 670 1974 (liung.
681 1909 733 1967 Δ.)
751 1919 805 1958 non
823 1908 889 1973 imp.

128 1978 276 2040 utrimque]
303 1978 367 2028 Par.
386 1982 421 2027 A.
440 1964 538 2041 (Bong.
559 1973 609 2040 Α.)
633 1988 686 2028 non
704 2001 740 2012 —
758 1977 852 2041 inque.
872 1978 1029 2045 atrumque
1045 1979 1095 2030 Dr.
1110 1981 1146 2031 A.

127 2046 324 2098 multitudinem
343 2046 472 2096 adarna
493 2046 643 2106 concitant]
662 2045 730 2096 And.
748 2046 800 2097 ux.
820 2046 868 2097 Cu.
887 2050 915 2098 S.
932 2050 1008 2098 Laid.
1022 2053 1055 2114 A.
1073 2050 1148 2099 liar.

93 2117 128 2166 A.
144 2116 230 2165 Vind.
245 2110 278 2162 A.
295 2116 359 2166 nid.
376 2123 405 2165 et
421 2129 479 2178 sqq.
514 2114 623 2179 Reliqui
641 2114 752 2164 codices
770 2123 798 2164 et
816 2116 950 2167 editiones
968 2120 1032 2168 ante
1050 2120 1149 2168 Aldum

93 2197 141 2248 pro
158 2186 197 2237 ad
215 2195 300 2235 arma
318 2186 419 2234 babent
435 2187 631 2252 armatorum,
650 2192 796 2246 praeterea
808 2184 888 2243 vind.
903 2187 933 2236 G.
951 2186 1148 2238 multitudinis

94 2267 143 2316 pro
163 2281 199 2291 —
217 2267 297 2317 nem,
328 2255 357 2304 et
373 2266 422 2315 pro
440 2256 605 2317 conectunt,
633 2253 703 2315 quod
722 2253 749 2303 in
771 2255 868 2307 llamb.
885 2255 1013 2314 omissum
1033 2264 1094 2320 est,
1119 2255 1150 2307 iu

94 2325 180 2375 Voss.
198 2320 231 2372 A.
256 2322 337 2372 Febr.
363 2324 392 2374 et
415 2325 562 2374 concitant
587 2327 708 2373 notatum
732 2321 851 2374 videtur.
893 2325 945 2385 Qui
963 2327 1150 2376 armatorum

95 2396 198 2458 tenent,
216 2393 236 2441 ii
254 2393 339 2442 verbo
358 2395 507 2443 renatare
526 2394 574 2443 aut
592 2391 819 2456 significationem
835 2391 957 2444 tribuere
969 2396 1068 2444 debent
1080 2408 1148 2446 con-

96 2463 204 2529 ciendi,
234 2463 282 2511 aut
300 2459 324 2510 si
343 2459 370 2510 ld
387 2463 478 2511 minus
497 2463 609 2526 volunt,
634 2460 700 2523 quia
718 2460 782 2523 sine,
796 2463 920 2524 exemplo
939 2466 999 2530 est,
1024 2465 1149 2515 absolute

96 2533 197 2582 dictum
216 2529 408 2594 interpretari,
435 2543 486 2594 quo
504 2543 589 2580 seusu
606 2542 658 2579 nos
678 2530 740 2597 fere
758 2530 873 2581 dicimus
890 2531 1052 2601 onfmtegtttt,
1075 2542 1105 2583 nt
1121 2534 1149 2593 5,

96 2599 178 2661 lus.
196 2602 213 2650 2
231 2611 299 2648 tuoe
312 2600 543 2650 condtnoerunt.
560 2599 595 2649 ib.
613 2598 658 2663 38,
675 2604 692 2650 2
711 2601 872 2652 Atuatucis
889 2602 1052 2653 concitatis.
1069 2604 1096 2667 7,

95 2670 159 2732 Μ
175 2668 486 2736 ptetemconcttatam.
514 2670 547 2730 8,
580 2669 613 2718 at
633 2670 660 2730 s.
680 2667 707 2717 2.
735 2668 797 2718 civ.
817 2674 851 2734 ³,
882 2672 944 2735 98.
966 2673 992 2720 2.
1027 2672 1111 2721 Sedt

97 2740 281 2791 concitatione
298 2738 348 2788 illo
367 2746 504 2802 ternpore,
538 2748 600 2855 cap
615 2737 694 2800 plebs
707 2739 746 2788 'ud
765 2737 885 2789 furorem
903 2739 1021 2802 impulsa
1039 2749 1067 2790 et
1085 2753 1151 2803 pars

97 2810 280 2862 Romanorum
298 2808 444 2857 interiecta
461 2808 546 2870 esset,
566 2818 580 2854 e
611 2808 646 2856 ad
663 2817 721 2866 eos,
740 2806 786 2869 qul
799 2808 963 2859 iamarnratt
976 2818 1078 2874 essent,
1097 2821 1150 2873 quo

97 2879 159 2942 ipso
178 2889 242 2927 sese
267 2877 302 2926 ad
325 2888 443 2939 pugnarn
465 2884 575 2937 paratos
594 2876 787 2942 ostendebant,
816 2888 883 2938 opus
901 2890 955 2928 non
972 2882 1048 2944 erat,
1081 2887 1107 2928 et
1125 2878 1151 2930 sl

101 2960 194 3000 tamen
213 2945 261 2997 isti
278 2945 430 2996 concitandi
447 2947 538 3010 crant,
554 2944 585 2992 ut
604 2944 689 2995 armis
707 2944 765 2994 suis
782 2947 932 3016 uterentur,
949 2949 1076 3012 scriptori
1089 2947 1154 3013 qul·

65 3135 157 3198 volgo
183 3133 264 3184 colon
286 3136 388 3195 ponunt
410 3136 438 3180 et
460 3133 496 3182 ad
514 3131 589 3182 idern
632 3129 730 3183 tabere
753 3129 908 3182 adiunctam
931 3135 1030 3199 babet,
1060 3137 1152 3185 tannen

66 3203 157 3257 audiri
175 3204 268 3252 iubent
292 3201 368 3266 qaod
387 3199 502 3263 {ecerat
518 3200 590 3251 Art-
632 3214 696 3252 cunr
716 3199 831 3251 dicimus
854 3203 1069 3266 oneratutm,
1100 3215 1159 3253 non·

66 3276 157 3336 attur,
187 3282 217 3320 et
238 3273 314 3323 idem
332 3272 432 3335 faeere
452 3273 589 3336 interpro·
632 3284 710 3335 eum,
745 3270 788 3334 qul
809 3271 884 3321 exire
903 3272 1026 3339 iubetur,
1059 3272 1154 3322 facere

66 3349 159 3394 untur
173 3341 258 3394 entre
270 3353 383 3403 eamque
397 3341 531 3391 notionem
545 3340 589 3390 in·
631 3340 864 3404 aliquiddicimna‚
878 3344 994 3401 sudeus,
1007 3341 1155 3404 quiiubent

66 3427 129 3463 esse
154 3414 250 3463 volunt
275 3412 305 3462 in
335 3413 420 3462 verbo
453 3411 589 3473 educunt,
632 3411 715 3461 exire.
758 3410 901 3460 Praecedit
925 3423 993 3461 vcro
1009 3411 1155 3470 educant3

67 3485 136 3545 quod
154 3481 225 3530 idem
243 3480 280 3530 sit
294 3484 375 3543 atque
386 3481 470 3532 entre
484 3480 589 3531 tutent.
633 3481 711 3532 culus
725 3479 801 3529 verbi
813 3481 945 3530 notionem
958 3480 1075 3529 faciendi
1085 3481 1155 3529 sim-

66 3554 120 3603 sed
137 3563 225 3613 neque
242 3555 286 3600 est
302 3552 382 3611 idem,
398 3562 486 3613 neque
500 3549 526 3600 si
539 3552 591 3600 boo
633 3550 729 3613 plicent
747 3549 816 3599 nibil
833 3549 862 3600 in
879 3548 940 3610 ipso
955 3551 1000 3597 est
1017 3552 1086 3610 quod
1103 3552 1156 3610 dua
1258 3610 1260 3614 ¹

64 3622 155 3684 ipsum
183 3618 268 3672 entra
289 3620 386 3669 tabent
406 3621 591 3680 praecederet,
632 3619 784 3683 plicandam
809 3626 838 3667 et
860 3620 1006 3675 educentes
1021 3620 1158 3690 facientes

67 3692 103 3741 ad
129 3691 206 3741 wem
229 3703 282 3740 non
306 3688 382 3753 quod
404 3690 505 3754 facere
521 3688 591 3739 Art-
633 3692 664 3740 ut
682 3689 781 3752 uliquis
798 3687 887 3738 faciat
902 3687 1012 3751 aliquid,
1032 3691 1158 3755 cogitan-

68 3759 418 3822 etinmtusoerantpotius,
429 3769 507 3821 quam
516 3759 593 3822 qaod
634 3761 684 3809 dos
697 3771 759 3807 esse
772 3760 902 3808 lectorem
915 3761 1066 3811 admoneat.
1101 3760 1157 3811 Ge-

69 3832 187 3900 {ecerut
204 3829 343 3892 Aristius,
361 3829 530 3888 audiendum,
549 3828 592 3878 sin
633 3832 722 3879 terum
734 3827 950 3890 negotiatoribus
964 3839 1067 3891 quoque
1078 3830 1158 3893 fidem

35 3908 41 3924 '
68 3904 161 3953 autem
185 3900 367 3949 subticeretur
386 3898 461 3948 Mem
480 3896 594 3961 foetum
634 3901 724 3950 datam
743 3910 806 3946 esse
823 3898 941 3959 scriptor
958 3909 1011 3947 non
1029 3899 1158 3965 ostendit,

68 3971 99 4035 a,
116 3969 221 4035 (ιαμ,
236 3971 288 4018 boc
305 3967 420 4035 {odunt
432 3966 594 4018 ueniebant
635 3966 1159 4034 eoquemiuuslliibnerusidemfaeere

69 4042 169 4105 potius,
188 4050 270 4102 quam
287 4040 395 4089 cecant
408 4037 592 4098 interpretur·
634 4034 812 4099 interpretari
830 4037 946 4089 debebat
967 4034 1023 4102 Mc
1039 4041 1160 4105 accepta

69 4111 231 4162 domasset.
247 4104 593 4171 Quumquumenimentre
634 4106 791 4161 discedere.
987 4111 991 4125 '

67 4179 188 4234 tewudi
199 4179 333 4232 notionem
340 4175 499 4250 conminuta,
511 4187 592 4240 quam

460 4252 464 4279 l
