2700 4726
443 235 548 377 nie.
569 294 652 367 vu.
696 295 810 367 oue.
831 236 925 371 sss
1136 304 1207 373 ceo

119 479 204 567 quid
226 480 414 549 iooisndnm
438 482 621 555 existimet.
663 484 852 553 Adcelerst
873 485 1017 569 cessar,
1043 492 1083 552 ut
1103 509 1202 576 proe-

117 571 166 635 lio
190 568 337 638 intersit.
375 614 378 619 -
400 573 456 641 88.
485 570 571 639 Eius
600 571 743 641 moestu
770 595 810 640 os
835 577 948 641 eoloro
969 576 1115 642 vestitus
1145 571 1234 642 σοι’

117 657 232 744 guito,
253 679 320 745 quo
341 658 467 744 insigni
488 660 524 725 in
546 661 690 746 proeliis
710 661 762 728 nti
784 671 981 745 ooosnerut‚
1012 663 1200 751 turmisque

186 862 353 925 laciendum]
376 847 547 931 radentium
563 867 659 918 llsmb.
679 870 740 921 All.
759 881 784 921 e.
808 866 857 919 Gr.
878 881 905 921 s.
925 869 993 923 ooo.
1023 869 1069 922 cl.
1082 871 1145 923 sin.
1158 884 1200 923 or.

152 932 444 1069 adsz'eeissrft'ffioss.
456 1003 490 1051 A.
508 1001 571 1055 Per.
587 1007 621 1057 A.
638 1006 736 1068 (nong.
750 1007 800 1066 A.)
817 1018 869 1059 nou
882 1019 943 1059 ace.
958 1007 1106 1060 adceleret
1123 1007 1199 1068 bgm.

151 1070 232 1123 liebr.
262 1072 301 1122 aa
324 1072 433 1123 celeret
456 1072 535 1124 Vrst.
556 1076 590 1124 A.
623 1075 767 1128 acceleret
791 1075 868 1130 beiti.
885 1079 918 1129 A.
943 1081 1020 1144 ligor.
1050 1086 1106 1127 see.
1130 1076 1200 1129 otior

149 1142 307 1193 accederat
324 1142 371 1191 lir.
390 1141 419 1190 li.
440 1143 597 1194 aceeuerat
612 1145 709 1195 liemb·
947 1147 949 1153 ’

181 1225 247 1287 cap.
267 1224 310 1277 88.
333 1226 360 1287 s.
380 1228 395 1276 1
416 1225 527 1291 insigni]
551 1227 675 1297 incipitis
691 1230 775 1282 voss.
793 1231 828 1280 A.
849 1229 932 1283 Febr.
953 1230 986 1282 io
1002 1229 1085 1296 manc
1103 1229 1198 1281 llemb.

183 1293 211 1345 in
230 1293 358 1357 proeliis]
376 1294 407 1346 in
431 1307 481 1347 om.
501 1295 553 1348 ox.
569 1297 601 1349 in
618 1298 687 1363 pilis
705 1300 786 1361 idque
804 1302 868 1349 ente
885 1298 992 1367 instent
1008 1300 1096 1350 ileon.

182 1366 341 1425 consuerat]
358 1367 459 1430 „tiss⁴
476 1366 502 1415 9.
520 1373 549 1414 et
565 1368 631 1419 lieri.
646 1364 713 1432 pp.“
729 1370 811 1419 Voss.
825 1370 859 1418 Δ.
877 1369 954 1433 ligm.
975 1369 1050 1421 flott.
1066 1369 1149 1430 teng.
1163 1369 1199 1418 A.
1237 1426 1240 1431 ,

147 1434 212 1485 Per.
230 1436 264 1484 A.
285 1433 332 1485 Dr.
350 1434 379 1485 li.
396 1434 475 1485 Vret.
493 1435 573 1486 ABG.
592 1437 672 1488 (ioth.
692 1440 722 1496 Β,
744 1438 797 1488 Gn.
814 1437 896 1488 vinti.
914 1438 969 1488 lili.
988 1440 1066 1491 ltorm
1082 1450 1108 1489 o.
1126 1437 1198 1486 blei.
1234 1434 1237 1441 '

147 1516 173 1553 a.
193 1504 264 1553 Ven.
282 1505 304 1553 l.
328 1507 542 1557 comoeoerent
564 1503 636 1558 Lov.
664 1507 757 1558 lleins.
775 1506 859 1558 Febr.
882 1507 981 1560 llemb.
1006 1506 1200 1559 consueuerat

96 1607 104 1627 ,-
146 1573 234 1622 iiten·
253 1572 325 1623 lieu·
340 1575 373 1624 A.
392 1574 440 1626 Dr.
454 1574 488 1622 A.
505 1574 586 1626 Goth.
600 1578 635 1627 A.
652 1574 733 1628 Vlnrl.
744 1577 776 1628 A.
796 1576 866 1628 Ven.
885 1576 963 1642 bede.
981 1578 1042 1631 lior.
1060 1573 1122 1626 Aio.
1140 1587 1197 1639 sqq.

57 1662 67 1704 1
127 1642 190 1719 *cb
208 1642 269 1693 adn.
287 1653 327 1692 er.
346 1643 381 1694 tl
398 1640 431 1707 l,
450 1640 486 1694 24
503 1642 530 1704 S.
550 1640 577 1693 t.

110 1841 170 1879 rum
192 1838 320 1876 numerus
349 1827 435 1881 maior
461 1832 521 1894 est,
557 1842 636 1892 quem
679 1830 767 1882 ‹lictns
784 1838 844 1896 est,
861 1829 888 1882 iul
903 1826 1068 1894 lpsnmonirl
1082 1825 1129 1893 sit,
1144 1828 1199 1878 beu

109 1897 156 1960 qui
172 1896 233 1945 bino
250 1895 372 1946 dedoctis
389 1907 418 1948 et
434 1899 468 1947 erl
483 1906 549 1962 ess,
567 1909 637 1961 qnae
678 1898 846 1965 ostenditur,
881 1900 929 1949 sed
960 1913 995 1949 ex
1024 1895 1200 1961 sequentibus

110 1969 139 2016 in
157 1963 257 2014 cestris
272 1964 386 2015 Antistii
399 1974 426 2015 et
439 1966 546 2017 Caninii
563 1966 636 2016 inis-
678 1968 857 2030 colligendum
875 1967 1053 2034 relinquitur,
1079 1965 1119 2017 ite
1135 1967 1161 2015 lt.
1178 1966 1197 2013 l.

111 2036 184 2098 sent,
201 2033 301 2084 additis
315 2035 389 2085 ellici
403 2036 524 2097 potuisse
537 2036 637 2103 uideo·
678 2035 826 2089 Labienum
850 2048 905 2087 non
931 2035 1089 2102 eruptione,
1118 2046 1198 2097 quem

110 2110 165 2155 tur.
201 2104 237 2154 ut
252 2101 415 2155 munitiones
430 2116 483 2155 non
501 2105 569 2158 odeo
583 2117 636 2154 nu·
676 2105 782 2156 caesar
815 2107 963 2158 extremam
997 2104 1095 2156 ssintis
1127 2102 1202 2153 viem

111 2176 192 2224 detes
209 2171 354 2233 praesidiis
377 2173 466 2223 inisse
488 2173 561 2223 inire
585 2174 635 2224 io·
678 2172 779 2225 tenmri
805 2172 952 2239 iussisset,
975 2174 1025 2224 sed
1047 2170 1151 2234 proelio
1173 2178 1202 2217 et

111 2255 214 2292 oemnr.
248 2241 346 2292 binteti
363 2249 454 2293 sutem
470 2241 578 2294 consilii
593 2241 635 2292 si·
678 2243 739 2297 soie
771 2244 806 2293 (le
840 2242 960 2295 victorie
988 2240 1203 2294 contendendum
1324 2270 1328 2277 -

110 2307 311 2375 gnifieotionem
328 2310 411 2362 babet
428 2312 473 2377 iri,
498 2312 568 2373 qnod
586 2322 635 2363 co-
678 2311 852 2365 existimasse
881 2313 961 2376 ioque
989 2309 1104 2362 caesuri
1131 2320 1203 2359 nun-
1295 2364 1297 2374 Ι

110 2381 182 2432 actis
198 2379 353 2430 cohortibus
373 2380 477 2431 leoisse
494 2380 636 2431 Labienus
677 2383 766 2433 tissse
800 2394 836 2433 ex
869 2379 1045 2444 sequentibus
1078 2384 1204 2441 appetet,

111 2448 237 2500 traditor.
264 2448 399 2512 cuiquoe
412 2463 478 2515 ens,
495 2450 636 2512 qussipse
678 2463 791 2516 qnorum
820 2451 943 2514 proximo
973 2448 1114 2511 probatum
1139 2456 1204 2496 esse

111 2517 207 2569 deduci
230 2514 376 2581 iussisset,
409 2521 476 2583 tere
500 2518 637 2570 obtuliew
678 2520 834 2583 inperatori
852 2520 936 2583 legeti
955 2518 1096 2571 consilium
1113 2513 1202 2580 signi-

112 2586 228 2647 dicitnr,
243 2587 278 2635 rie
294 2599 348 2648 qne
365 2587 499 2648 locutione
516 2589 554 2647 oi.
573 2589 636 2638 sin·
678 2591 778 2653 noent,
797 2586 903 2653 relique
919 2587 1138 2653 quemadmodum
1155 2595 1203 2635 res
1284 2596 1290 2609 *

112 2670 153 2707 cr.
178 2654 213 2704 orl
237 2658 271 2721 2,
290 2655 323 2703 21
341 2653 368 2713 s.
387 2655 418 2721 1,
437 2658 478 2711 etl
494 2669 635 2709 numerum
677 2667 757 2725 gesto
768 2656 805 2707 sit
814 2668 947 2723 quemque
959 2658 1088 2709 euentum
1099 2655 1202 2707 mbos-

112 2721 262 2776 oobortium
277 2726 306 2774 et
316 2724 353 2773 sl
367 2723 506 2791 legiones,
523 2736 636 2787 sumum
677 2729 733 2793 sil,
749 2730 893 2789 exponunt.

113 2806 165 2845 eos
184 2800 293 2859 essent,
321 2791 438 2853 pertinet
455 2797 486 2861 st
501 2793 573 2844 forte
591 2794 638 2843 ie-
731 2795 800 2857 cop.
817 2796 862 2848 88.
886 2795 913 2855 S.
932 2795 947 2844 1
973 2804 1026 2859 quo
1049 2791 1151 2856 insigni
1173 2789 1202 2843 in

112 2867 185 2915 ctum
203 2862 387 2926 demonstret,
412 2864 443 2912 nt
466 2865 506 2915 tot
524 2861 638 2923 potissi·
679 2863 793 2928 proeliis
816 2866 856 2915 uti
878 2864 1037 2924 consueret]
1068 2862 1131 2925 Quo
1148 2870 1204 2913 utu

112 2945 202 2996 mum,
226 2941 277 2982 nec
300 2931 393 2994 plures
413 2944 465 2983 nee
484 2931 639 2994 panciores,
679 2932 858 2984 mascnlinum
871 2935 932 2997 est,
952 2935 1002 2981 seo
1016 2932 1156 2995 neutrum,
1174 2928 1206 2987 nt

114 3005 144 3053 et
169 3004 219 3050 bes
238 2998 345 3063 potius,
369 3012 449 3063 quem
475 3000 549 3054 siles
573 2999 639 3051 item
679 3000 801 3068 iscipu,
820 3005 849 3053 st
866 3003 943 3053 color
960 2999 1080 3051 vestitus
1096 2999 1206 3062 insigne

114 3071 245 3123 useuetes
263 3071 382 3132 cogeret.
679 3070 767 3121 luisse
785 3071 902 3136 dicitnr,
920 3082 972 3132 quo
988 3073 1068 3121 utens
1080 3069 1110 3121 in
1123 3078 1205 3131 proe-

93 3196 96 3200 ,
164 3137 227 3202 eniel
244 3138 400 3189 laciendum
415 3134 567 3198 existimet]
582 3138 639 3188 lte-
680 3139 727 3191 liis
744 3140 857 3203 agnosci
874 3148 902 3190 et
922 3139 1058 3191 steteris
1075 3135 1206 3202 distingui

114 3217 160 3259 ete
179 3208 319 3259 Krenerus
336 3208 372 3258 ab
388 3208 485 3259 lleldio
504 3208 555 3259 boo
575 3204 640 3257 elli·
681 3210 800 3269 uoluerit
816 3209 971 3274 inperator.
1013 3209 1046 3259 lui
1068 3207 1121 3259 ism
1147 3205 1206 3269 pri·

114 3277 190 3343 ptioe
201 3276 302 3328 oletum
320 3282 433 3341 putente
448 3280 476 3328 et
488 3276 639 3341 quamtus
680 3280 742 3329 «lem
754 3277 844 3341 ‹loonit
857 3280 941 3333 ilenr-
955 3281 1108 3342 stephanus
1120 3278 1208 3329 Sobe-

114 3360 151 3397 ex
166 3345 304 3411 cussie,
328 3346 394 3410 quiri
410 3347 564 3398 laciendum
580 3345 641 3397 exi·
682 3349 777 3400 licem
796 3349 830 3414 5,
853 3348 886 3412 ⁵3
914 3360 994 3412 quem
1016 3360 1104 3411 neque
1123 3347 1206 3399 brot·

115 3416 258 3480 slimeret,
282 3416 475 3480 interpretante
497 3414 642 3474 dissentitt
683 3419 799 3469 scherus
829 3418 858 3468 iu
884 3416 1018 3480 nerzogii
1044 3417 1087 3468 el.
1118 3415 1209 3479 priore

117 3486 168 3537 sel
184 3487 253 3546 quod
269 3484 329 3547 ipss
346 3495 425 3549 putot
441 3488 477 3538 sel
493 3498 518 3536 o.
529 3483 566 3536 86
583 3483 641 3546 §.²
684 3486 774 3539 citone
798 3488 868 3539 setis
893 3485 1064 3539 intellexisse
1087 3487 1207 3547 vitetur,

116 3553 218 3615 respici
234 3561 263 3605 et
279 3553 426 3606 cessorem
449 3557 484 3606 tle
501 3553 643 3616 eruptione
685 3569 746 3607 cnm
776 3556 1025 3621 interpretationem
1052 3555 1113 3608 eins
1141 3558 1210 3619 (qno

117 3623 227 3675 iamiam
250 3624 377 3676 facienes
400 3625 547 3676 certiorem
571 3622 643 3684 lieri,
686 3627 778 3679 colore
801 3629 849 3677 vei
874 3626 953 3679 cuins
977 3624 1078 3678 coloris
1107 3622 1210 3675 vestito

118 3692 173 3744 etsi
186 3693 221 3742 sd
234 3693 437 3756 lingnesnsnn
449 3694 548 3760 magis,
564 3705 643 3756 quem
687 3696 726 3746 nti
749 3693 779 3745 in
802 3695 915 3760 proeliis
943 3702 1144 3759 consueverat,
1174 3692 1210 3744 st

118 3762 187 3814 illul
205 3763 344 3822 probabile
363 3771 422 3827 est,
443 3766 535 3825 tanen
558 3766 646 3814 verbe
686 3762 799 3829 incipite
823 3768 914 3825 esset)
944 3766 980 3816 el
1008 3764 1139 3817 amussim
1163 3773 1210 3812 re·

119 3832 161 3883 ite
181 3842 341 3894 componete
358 3836 438 3897 sunt,
457 3842 488 3883 ut
502 3831 579 3883 elini
596 3843 645 3894 po-
689 3837 822 3897 sponllere
845 3833 976 3887 Caesaris
1000 3835 1093 3886 verbis
1118 3838 1213 3896 neget,

120 3901 193 3966 tius,
219 3911 299 3967 qoem
317 3905 388 3966 quoti
405 3904 570 3966 postremum
589 3901 648 3953 lieri
690 3915 779 3965 neque
804 3905 864 3955 iure
890 3902 1062 3967 reprebentit
1085 3903 1214 3957 nutem

120 3969 227 4023 Geessr
245 3970 395 4036 voluisset,
415 3970 572 4023 laciendum
588 3968 650 4021 exi·
692 3974 728 4025 ot
745 3973 806 4025 biv.
824 3971 876 4039 tl,
895 3973 912 4027 5
930 3973 958 4035 s.
976 3978 1008 4031 bt
1032 3973 1080 4037 oui
1096 3982 1150 4036 per
1168 3969 1215 4023 tet

120 4039 251 4093 stimssse
275 4042 413 4092 Labienus
437 4041 573 4091 videatur.
615 4042 651 4093 lit
692 4055 784 4095 aneos
807 4044 964 4097 Hieronem
984 4040 1131 4107 fluuntque
1153 4037 1218 4097 citit

120 4110 195 4162 sicut
217 4111 312 4165 moitis
333 4109 422 4175 iocis,
445 4111 543 4172 subus
563 4110 649 4174 imps-
694 4110 830 4166 Gelonem
854 4125 906 4167 uec
928 4113 1018 4166 tertie
1041 4111 1143 4169 lectitet
1163 4120 1216 4167 rtet

122 4189 201 4237 rotet
223 4180 289 4246 quiri
312 4179 374 4233 lieri
396 4178 481 4247 velit,
510 4181 654 4235 ostentm
695 4182 777 4237 otio
802 4183 886 4247 uilo
908 4180 1053 4251 iuniperi
1079 4179 1218 4249 Morere
