2700 4726
413 1038 658 1125 LIBER
698 1041 808 1128 Vll.

63 1249 220 1387 Quieto
246 1295 360 1364 Gallia
380 1295 530 1377 caesor,
560 1302 600 1362 ut
621 1295 862 1375 constituerat,
895 1294 930 1361 in
951 1294 1086 1364 ltaliam
1109 1299 1155 1368 ed

65 1393 247 1452 conventus
271 1383 418 1471 agendos
439 1385 679 1471 proficiscitur.
725 1385 778 1451 lbi
809 1383 982 1465 cognoscit
1006 1385 1048 1449 do
1073 1385 1155 1455 Clo-

10 1572 12 1587 ,
64 1475 111 1540 dit
126 1472 229 1540 caede
247 1471 288 1538 de
308 1481 512 1562 senatusque
526 1475 682 1539 consulto
700 1472 825 1539 certior
836 1472 965 1551 factus,
985 1478 1025 1537 ut
1038 1495 1154 1549 omnes

10 1594 14 1683 i
132 1630 201 1693 cap.
219 1632 247 1685 1.
263 1629 299 1692 Χ8.
317 1633 343 1684 1.
369 1629 562 1697 constitueret]
587 1629 761 1682 instituerat
780 1629 865 1693 ‚‚MS.
883 1626 986 1690 Lips.“
1002 1633 1051 1682 Lb.
1070 1631 1154 1686 Vind.

10 1714 12 1765 ς
97 1700 130 1750 D.
150 1703 209 1755 edd.
229 1711 295 1751 onte
312 1702 375 1751 nid.
395 1703 464 1763 quod
485 1714 519 1749 ex
537 1700 599 1750 libri
616 1701 689 1749 sexti
708 1699 837 1749 extremis
859 1697 970 1760 petitum
990 1702 1107 1755 videtur.

10 1772 12 1873 J
131 1772 166 1819 de
186 1779 351 1833 senatusque
370 1769 507 1836 consulto]
525 1770 588 1819 Atd.
605 1771 649 1819 ob.
665 1770 711 1820 Gr.
729 1781 755 1824 a.
774 1768 805 1818 P.
818 1770 892 1817 Man.
905 1771 985 1820 'rurr-
1002 1770 1077 1832 Lips.
1094 1784 1153 1836 sqq.

10 1876 12 1893 ι
96 1840 251 1890 tacentibus
270 1841 303 1887 de
320 1839 389 1891 And.
409 1839 459 1889 01.
480 1839 528 1889 cu.
548 1839 618 1888 Lov.
636 1840 699 1888 Urs.
719 1839 801 1899 Bong.
819 1837 850 1887 c.
869 1837 950 1888 Vind.
968 1841 997 1886 n.
1016 1841 1100 1904 Bong.
1119 1847 1154 1894 A.

96 1908 247 1978 (honorio,
264 1908 392 1975 wessio,
410 1921 445 1958 ex
461 1908 555 1974 Febr„
574 1907 673 1957 Ursino
692 1914 719 1954 ct
734 1901 889 1972 Ciocconio,
908 1917 951 1956 ex.
964 1907 1066 1977 cond,
1084 1922 1154 1964 ano-

114 2042 182 2104 Cao.
198 2045 223 2096 1.
242 2042 269 2102 S.
283 2045 308 2091 1.
333 2039 433 2100 Quieto
448 2041 587 2092 (111113-
630 2039 677 2091 uis
705 2039 844 2105 impetum
873 2043 991 2094 armata
1023 2047 1069 2095 est
1097 2048 1153 2101 eto.

63 2112 260 2174 proficiscitur]
277 2112 319 2159 Ex
330 2109 394 2159 libri
408 2109 480 2159 sexti
492 2114 587 2159 extre·
631 2111 726 2171 traque
756 2111 791 2158 ad
817 2109 970 2169 Pompeium
998 2113 1153 2175 pertinebat

11 2216 17 2223 -
63 2183 115 2232 mis
126 2182 274 2231 Caesarem
290 2179 342 2227 iam
355 2191 418 2228 esse
432 2180 586 2240 proiectum
631 2187 742 2228 senatus
756 2179 927 2242 consultum,
946 2177 992 2238 oni
1009 2182 1090 2231 etiam
1102 2197 1152 2233 so-

62 2249 233 2312 intetiigitdr.
267 2247 363 2308 ltaque
385 2245 586 2310 proficiscitur
629 2248 781 2308 petionibus
795 2248 874 2296 annis
890 2248 918 2296 in
931 2247 1153 2311 cisalpinattal-

62 2322 89 2369 b.
105 2321 125 2368 1.
143 2317 370 2368 continuationem
387 2315 524 2378 significet
540 2317 587 2366 iti·
630 2318 669 2367 lio
694 2317 823 2366 dilectum
847 2318 996 2384 habuerat,
1024 2322 1054 2368 ut
1079 2323 1150 2387 o,t

63 2389 156 2451 neris,
179 2387 206 2436 in
233 2398 303 2451 quo,
326 2382 381 2434 nisi
401 2386 492 2448 quieta
508 2398 587 2435 man·
630 2384 914 2444 §.2demonstrotum
932 2394 982 2435 est.
1010 2387 1085 2437 Inest
1100 2403 1152 2439 on·

63 2455 259 2519 eructuante,
274 2454 441 2505 snbstttoroe
454 2457 483 2504 et
493 2457 587 2504 edex-
629 2464 684 2504 tem
705 2454 734 2504 in
759 2456 801 2503 bis
820 2455 984 2516 significatio
1002 2459 1152 2509 voluntatis

63 2527 178 2577 ercitum
193 2525 331 2574 redituros
348 2523 458 2574 inisset.
486 2525 586 2595 {todem
629 2534 698 2586 ergo
715 2527 839 2573 senatum
859 2523 1009 2587 Caesaris,
1026 2527 1072 2588 qui
1090 2540 1152 2578 cnm

62 2596 183 2660 pertinet
199 2593 395 2644 constituerat
409 2593 534 2658 verbnm,
552 2595 586 2642 de
630 2592 781 2644 audivisset
801 2597 925 2642 senatum
946 2595 1103 2645 decrevisse
1122 2599 1152 2647 ot

63 2677 116 2727 quo
135 2665 171 2712 ci.
188 2665 222 2713 ud
240 2659 274 2727 4,
292 2664 310 2710 6
331 2660 358 2720 S.
378 2661 394 2711 5
418 2661 507 2728 dicto,
533 2672 586 2725 quo
629 2673 722 2713 omnes
750 2661 870 2711 iuniores
896 2661 993 2713 ltaliae
1024 2666 1152 2717 coniure-

63 2736 202 2798 docemnr‚
220 2732 283 2795 quid
301 2732 475 2792 protecturus
493 2733 586 2780 osten·
629 2740 700 2794 rent,
718 2731 797 2782 etiam
811 2743 866 2781 non
881 2729 973 2781 iussus
987 2733 1014 2783 in
1026 2746 1060 2783 en
1074 2744 1152 2795 perte

64 2802 135 2852 derit
152 2803 222 2852 suis.
248 2801 306 2850 Nec
324 2812 391 2849 sone
409 2801 505 2849 deerat
518 2812 587 2849 con·
629 2796 737 2866 ltaliae,
753 2813 830 2864 quam
846 2797 905 2862 ipse
921 2813 968 2862 pro
981 2805 1091 2853 conscie
1107 2812 1150 2853 te·

64 2883 115 2933 sa,
132 2883 180 2920 tur
199 2871 232 2919 de
248 2868 337 2932 quiete
354 2868 499 2918 dubitaret.
526 2869 586 2917 Eo·
629 2873 725 2934 neret,
751 2871 878 2919 dilectum
897 2871 1000 2921 babere
1023 2872 1152 2924 instituo-

64 2941 109 2990 ins
124 2939 207 3003 igitur
223 2938 314 2987 statim
331 2936 409 2986 initio
425 2936 586 2989 mentionem
629 2943 689 3006 ret,
714 2937 738 2990 ei
762 2939 835 2989 torte
861 2938 962 2988 milites
987 2954 1054 3004 quos
1072 2942 1154 2992 Pom-

64 3010 149 3061 tacit:
167 3008 213 3062 ibt
230 3004 334 3060 &oblitu
350 3003 426 3072 tobia
443 3017 508 3060 tott-
629 3010 708 3071 peius
735 3010 769 3058 ad
794 3009 886 3056 urbem
913 3010 1069 3074 coegisset,
1099 3025 1152 3062 non

42 3133 48 3139 ,
115 3079 147 3127 de
163 3084 328 3139 secutusque
341 3077 479 3136 consulto]
498 3078 586 3125 Aeco·
629 3079 798 3128 sufficerent.
851 3078 1018 3139 Quanquam
1055 3078 1152 3130 deinde

62 3147 125 3199 nino
142 3148 170 3196 in
183 3145 357 3196 Milonianom
376 3158 401 3205 p.
416 3141 587 3211 35,3(Cic.
630 3145 691 3209 ipse
713 3146 755 3194 bis
781 3145 912 3194 militibus
936 3159 1003 3196 nens
1028 3155 1087 3211 est,
1121 3156 1152 3198 ut

63 3219 107 3267 ed.
133 3217 218 3267 orell.
244 3215 273 3268 ’1.
296 3214 331 3263 V.
347 3214 388 3262 “Ρ.
407 3209 444 3279 2)
473 3216 587 3282 factum
630 3227 654 3264 c.
674 3216 693 3266 7
717 3213 745 3272 S.
764 3212 780 3262 ⁵
801 3215 926 3263 ostendit.
961 3215 1003 3263 De
1025 3217 1151 3267 enclitico

63 3287 131 3337 erut
147 3285 266 3334 senatus
282 3283 463 3347 consultum,
490 3282 587 3334 ut't'n-
630 3284 666 3332 ct.
694 3282 779 3346 2,11
806 3281 868 3341 §.5
894 3282 944 3332 sub
963 3296 1150 3346 occasumque

64 3359 172 3406 terren
196 3354 225 3404 et
244 3352 354 3403 tribuni
376 3352 463 3414 plebis
488 3355 518 3404 et
536 3353 584 3403 On.
629 3352 773 3402 scincum
794 3354 854 3400 adn.
873 3355 900 3400 et
915 3352 977 3401 Civ.
993 3353 1075 3417 s,82
1094 3352 1151 3410 §.4

63 3421 231 3485 Pompeius,
259 3421 309 3486 qut
329 3433 386 3481 pro
409 3422 524 3471 consuto
548 3421 587 3472 od
627 3421 659 3470 in
675 3432 822 3483 conosque
839 3419 1151 3483 consulatuntdetiuie-

62 3491 264 3552 antemonet,
286 3489 438 3555 viderent,
462 3503 499 3540 ne
519 3491 594 3554 quid.
628 3490 706 3540 bant.
734 3487 795 3536 Ate.
815 3489 888 3550 18‚5
905 3491 971 3551 post
985 3490 1149 3555 collemque.

66 3559 234 3613 detrimenti
257 3570 308 3608 res
327 3558 439 3622 publicu
458 3561 585 3622 curreret,
628 3560 673 3623 35,
690 3555 708 3606 t
725 3557 756 3605 tn
775 3559 880 3620 tuoque
895 3557 1052 3616 praestata.
1076 3557 1148 3623 64‚1

64 3633 186 3682 dilectus
216 3630 313 3679 outem
338 3627 491 3687 Pompeius
522 3629 586 3678 totu
628 3627 869 3692 tonitruumque.
896 3622 1149 3693 nutibusque.

63 3701 152 3751 ltalia
167 3697 296 3748 baberet.
321 3696 377 3758 Qui
394 3708 459 3746 cum
475 3709 585 3747 summu
627 3698 673 3761 90,
690 3695 709 3746 4
726 3697 761 3745 de
779 3696 906 3757 ottoque.
930 3695 974 3757 93,
989 3700 1005 3745 3
1023 3697 1057 3746 ab
1072 3700 1148 3748 suis-

63 3768 216 3822 ceteritate
228 3765 405 3831 praedatum
418 3766 584 3828 conmotus-
628 3778 691 3830 oue.
721 3765 757 3814 97
764 3800 772 3829 ‚
792 3768 805 3813 1
826 3777 863 3814 eo
881 3773 1036 3828 repnoque.
1068 3768 1147 3832 Hisp.

62 3842 108 3891 tet
123 3846 177 3888 etc.
196 3836 260 3900 lpse
274 3834 369 3885 Cicero
384 3832 479 3887 Milon.
497 3848 520 3883 o.
533 3836 583 3884 25:
628 3836 679 3901 15,
697 3836 714 3882 6
733 3834 763 3882 in
780 3835 996 3899 conspectuque.

61 3910 88 3959 ti
105 3898 211 3958 stando
230 3905 375 3961 detectus,
400 3906 435 3953 ut
455 3902 584 3952 nonnulii
657 3905 720 3961 ,nt]
740 3903 781 3952 cf.
800 3902 861 3952 (liv.
881 3905 913 3965 1,
930 3905 946 3951 2
965 3903 989 3964 S,
1005 3906 1036 3953 6:
1054 3904 1150 3958 couctc‘

61 3976 275 4039 conquisitores
288 3974 334 4024 tut
343 3971 483 4037 (Pompei)
496 3973 584 4022 dicte·-
627 3971 771 4035 Scipionis
783 3972 957 4022 sententiam
973 3977 1148 4038 sequuntur,

62 4047 184 4105 terunt,
203 4043 230 4093 st
247 4043 417 4094 boecormu
436 4042 517 4090 —ot'
533 4041 584 4091 de·
627 4042 673 4092 uti
702 4043 770 4091 arcte
798 4044 910 4091 certum
940 4042 1016 4091 diem
1041 4043 1150 4094 coesus·
1201 4106 1204 4110 ι

59 4116 138 4168 tectu
161 4113 298 4168 iuuentus
316 4141 352 4152 -
371 4114 478 4167 eoutru
497 4111 585 4173 utto:
619 4111 793 4166 ,coercitum
810 4111 948 4176 ditrttttat.
977 4111 1149 4177 s,1os.t:

111 4197 150 4250 li.
896 4179 941 4245 21
