2700 4726
408 283 874 364 ura.v11.oa1>.rs
1063 242 1192 363 'aar
1292 356 1296 361 .

111 477 194 558 ltus,
224 497 310 565 quae
331 474 502 543 Oceanum
533 478 705 566 attingunt
734 501 886 568 quaeque
915 499 1030 547 corum
1052 499 1192 546 consue-

145 667 218 721 mine
241 668 276 718 ab
296 666 422 720 Aulercis
447 669 660 721 lirauuovicibus
685 680 713 721 et
730 669 912 724 cenomannis
937 668 1090 722 distinctum
1113 668 1192 721 exhi-

146 740 200 787 bet
243 743 279 787 At
299 738 370 789 enim
392 739 503 789 Aulerci
526 740 679 793 Eburones
703 753 833 806 nusquam
857 740 910 791 uisi
932 741 991 804 hic,
1013 739 1193 792 Eburovices
1249 776 1253 785 -

147 809 237 858 autem
255 805 435 870 cognominati
454 820 506 858 uon
525 812 612 862 solon
629 823 646 862 a
665 809 785 861 caesare
807 815 836 863 ot
853 808 957 869 Plinio,
981 810 1030 859 sed
1051 809 1134 860 etiam
1157 809 1192 860 ab

145 875 243 927 orosio
260 877 293 941 d,
311 876 328 928 8
346 877 476 928 caesaris
495 877 592 930 librum
608 881 625 930 3
642 878 806 942 respiciente
829 893 855 941 p.
876 876 927 928 atil
944 878 1015 929 nav.
1038 877 1097 937 (ubi
1113 877 1191 929 llbu-

144 945 244 996 ronies
271 953 300 994 nt
323 946 350 996 ln
376 945 535 1009 quibusdam
560 947 689 1000 Caesaris
713 949 853 1001 codicibus
877 946 1011 1012 scriptum
1037 951 1093 1002 est)
1120 948 1150 997 et
1175 959 1193 998 a

132 1014 361 1076 nocentioribus,
385 1028 453 1078 quos
477 1016 544 1069 citat
560 1018 709 1082 Valesius,
736 1020 993 1079 commemorantur,
1016 1017 1044 1066 et
1062 1015 1193 1067 caesaris

143 1086 196 1137 l.3
215 1086 299 1134 codex
316 1085 413 1134 llamb.
431 1086 458 1136 et
476 1085 557 1138 Plinii
576 1087 595 1137 l.
613 1088 632 1137 4
650 1088 735 1140 codex
752 1087 864 1138 liuberti
881 1089 952 1149 apud
967 1083 1101 1149 Silligium
1113 1085 1193 1135 llbu-

147 1165 234 1204 ronea
260 1154 376 1216 nabent,
408 1156 477 1217 quod
503 1158 657 1218 corruptum
682 1165 710 1206 et
733 1156 911 1209 Eburouices
934 1155 1105 1205 scribendum
1130 1167 1193 1204 esse

144 1232 299 1272 ceterorum
323 1224 454 1274 librorum
478 1236 628 1276 consensus
653 1227 740 1277 docet.
787 1226 880 1278 Nihilo
902 1223 990 1276 minus
1013 1233 1101 1274 tamen
1128 1224 1155 1274 lr.
1173 1223 1194 1274 l.

142 1292 253 1354 propter
275 1294 389 1344 eundem
414 1293 529 1345 omnium
554 1307 713 1347 consensum
732 1294 913 1346 Eburonibus
938 1294 1079 1343 tenendum
1097 1293 1125 1342 et
1144 1294 1194 1342 aut

143 1362 286 1411 Eburones
310 1374 416 1424 quoque
432 1365 565 1414 Aulercos
591 1364 639 1414 illo
661 1367 799 1428 tempore,
824 1376 935 1428 quornm
955 1361 1082 1412 memoria
1099 1361 1194 1411 deinde
1243 1357 1246 1365 “

142 1438 175 1480 ut
188 1429 387 1482 Braunovicum
404 1431 556 1495 interierit,
571 1432 598 1482 in
615 1434 708 1484 Gallia
724 1435 827 1494 tuisse,
848 1440 896 1483 aut
910 1436 960 1482 troc
973 1430 1078 1482 nomine
1090 1429 1193 1480 dictum

142 1501 270 1562 populum
289 1513 322 1548 ex
340 1502 414 1551 illins
433 1501 541 1550 concilii
560 1504 630 1552 actis
647 1504 682 1552 ad
696 1502 842 1554 Gaesarem
859 1503 974 1552 relatum
993 1502 1028 1550 ab
1045 1509 1129 1562 eoque
1147 1500 1193 1549 vel

144 1570 257 1617 eandem
278 1571 321 1619 vel
338 1568 420 1620 aliam
439 1579 520 1632 atque
537 1569 628 1639 illurn,
646 1584 725 1635 quem
741 1574 760 1622 l.
776 1575 793 1621 a
810 1576 1080 1633 commemoraverat,
1097 1567 1193 1618 existi-

142 1645 244 1755 mgtnm
267 1641 311 1704 et,
340 1639 365 1688 ai
389 1643 507 1691 erratum
533 1648 593 1708 est,
628 1641 663 1690 ab
694 1641 756 1705 ipso
784 1643 907 1692 erratum
930 1651 994 1690 esse
1020 1638 1193 1723 statuendum

142 1707 171 1755 vi
193 1710 262 1755 etur.

178 1774 270 1843 terna]
285 1776 420 1842 neieina,
448 1777 512 1829 trta
533 1779 655 1831 nouandi
678 1782 754 1830 MSS.
773 1787 802 1829 et
819 1774 917 1830 lidd.“
942 1775 1024 1828 trina
1043 1777 1115 1830 Lov.
1133 1773 1193 1823 Pal.

143 1846 192 1895 Dr.
212 1847 242 1893 B.
266 1844 346 1905 Vrat.
366 1845 396 1896 C.
421 1845 500 1897 (ioth.
518 1850 549 1897 Β.
569 1849 651 1899 vind.
665 1851 745 1901 Dlll'.
766 1849 825 1898 eddss
844 1856 909 1899 ante
926 1844 988 1898 ata.
1013 1846 1097 1898 trinu
1112 1843 1194 1895 mdia

144 1915 241 1964 llamb.
260 1926 312 1963 om.
331 1915 401 1964 liar.
421 1917 454 1965 A.
483 1912 560 1969 Vind.
572 1919 644 1970 Acl.

179 1983 278 2042 XXX]
306 1983 431 2049 triuinta
456 1985 548 2050 Steplr.
574 1988 653 2040 Vrat.
672 1985 729 2038 Ac.
754 1986 833 2035 Goth.
855 1984 883 2032 li.
911 1983 992 2034 Vlud.
1010 1983 1043 2033 ll.
1068 1982 1144 2033 llorn.
1166 1990 1193 2029 a.

143 2053 206 2105 Ber.
231 2054 293 2105 Ald.
312 2064 339 2101 a.
362 2053 411 2102 Gr.
429 2064 454 2104 a·
479 2055 510 2105 P.
535 2058 607 2106 Mau.
626 2059 703 2107 l'urr.
736 2054 853 2119 tripena
875 2055 946 2103 bled.
964 2066 990 2105 a.
1015 2053 1086 2102 ven.
1104 2049 1193 2099 bodel.

145 2141 246 2189 XXX
264 2137 346 2188 vind.
364 2131 396 2187 Α.
422 2137 554 2205 treuiuta
570 2141 649 2192 utilio
667 2141 762 2191 llamb.
784 2138 907 2190 CXXX
923 2136 1002 2188 Vrat.
1023 2135 1054 2184 li.
1081 2132 1198 2184 IXXX

144 2221 163 2259 ὃ
187 2222 221 2264 m.
246 2218 286 2266 1³1¹.
311 2207 385 2258 Gott.
409 2208 477 2260 er.
508 2209 575 2260 bina
598 2212 677 2262 MSS.
701 2210 808 2273 quidam
834 2220 890 2258 sec.
914 2205 958 2256 Gl.
982 2206 1066 2256 Vasc.
1092 2203 1141 2252 Gr.
1166 2203 1191 2251 b.

145 2276 262 2336 (broli.)
289 2275 368 2326 bium
383 2277 484 2327 XXX
494 2279 531 2328 st.
550 2273 704 2346 δισχιλίους·
722 2271 872 2344 τριάκοντά
884 2270 908 2326 τ’
920 2266 1013 2327 oi'ouu
1029 2273 1094 2322 Met.
1119 2272 1195 2320 liau-

144 2345 220 2396 racis
244 2353 272 2394 et
292 2346 366 2394 Boiis
390 2347 503 2409 triginta
528 2347 603 2398 milia
630 2349 764 2409 imperata
788 2359 851 2395 esse
869 2357 929 2396 cum
948 2350 1056 2406 propter
1076 2340 1195 2402 ipsoram

144 2413 329 2465 infirmitatem
347 2417 403 2464 tum
417 2428 484 2465 vero
502 2424 611 2478 propter
628 2419 732 2480 locum,
751 2428 829 2477 quem
843 2413 870 2464 lo
882 2411 1083 2464 enumeratione
1096 2421 1199 2459 secuu-

145 2487 207 2534 dum
233 2484 368 2545 copiarum
392 2485 604 2548 magnitudinem
631 2487 755 2535 instituta
777 2491 914 2545 occupant
932 2479 1007 2530 credi
1027 2491 1080 2528 non
1096 2479 1197 2540 potest.

143 2555 264 2603 Eandem
281 2554 314 2601 ob
332 2565 444 2603 cansam
462 2554 612 2605 Armoricis
626 2568 729 2618 quoque
745 2552 921 2615 civitatibus,
938 2552 1087 2600 extremum
1106 2549 1195 2598 locum

144 2622 315 2683 tenentibus,
346 2622 453 2673 etiamsi
477 2625 571 2686 plures
595 2624 713 2687 ruerint,
738 2636 817 2686 quam
840 2619 996 2672 nominatim
1020 2614 1195 2682 significatae

145 2695 226 2754 sunt,
251 2691 366 2752 triginta
385 2692 459 2740 milia
476 2704 570 2755 parum
588 2695 767 2755 conueniunt,
791 2692 816 2741 is
835 2703 918 2753 vero,
943 2688 988 2752 qul
1005 2690 1090 2751 volgo
1108 2687 1195 2748 impe-

144 2771 222 2810 ratus
246 2760 282 2809 lis
308 2760 410 2824 fertur,
438 2773 487 2810 sex
511 2763 612 2810 milium
636 2775 765 2812 numerus
788 2759 910 2810 codicum
928 2758 1092 2809 auctoritate
1110 2756 1194 2805 caret.

146 2827 241 2891 ltaque
266 2827 426 2878 emendandi
449 2830 616 2881 necessitate
643 2831 768 2892 imposita
786 2827 914 2890 optimum
931 2826 1021 2874 visunt
1039 2828 1083 2873 est
1100 2834 1195 2898 nume-

146 2913 205 2948 rum
231 2912 330 2962 uuum,
356 2910 432 2960 quem
458 2898 519 2950 libri
538 2900 664 2950 meliores
689 2903 715 2949 h.
735 2901 753 2948 1.
773 2898 919 2960 praebent,
944 2895 983 2944 ita
1002 2894 1141 2953 dividere,
1165 2896 1195 2942 nt

144 2968 281 3030 prioribus
299 2967 402 3017 duobus
421 2968 455 3017 X
471 2967 499 3018 lu
514 2969 550 3019 Μ
564 2967 694 3033 mutatls,
712 2965 794 3017 tertio
813 2966 909 3015 relicto
925 2962 1061 3013 Rauracis
1079 2965 1106 3011 et
1121 2958 1196 3012 Bolia

146 3038 227 3100 bina,
249 3035 400 3085 Armoricls
419 3038 508 3086 autem
527 3036 684 3087 civitatibus
705 3037 801 3086 decern
819 3032 894 3084 milia
911 3031 1046 3097 imperata
1063 3030 1195 3081 dicautur.

148 3102 294 3156 Caesarem
314 3106 388 3156 MM.
408 3105 449 3158 X.
469 3106 577 3158 variata
595 3118 765 3157 numerorum
786 3101 985 3166 significatione
1006 3100 1126 3151 scribere
1145 3111 1196 3161 po-

147 3176 233 3226 tuisse
252 3188 286 3224 ex
304 3175 358 3238 iia,
377 3188 445 3236 quae
462 3176 569 3227 inadn.
590 3189 628 3226 or.
645 3176 681 3224 ad
696 3177 732 3236 o,
750 3171 782 3224 ta
799 3173 826 3233 S.
844 3176 860 3223 3
877 3170 952 3220 dicta
969 3178 1047 3229 aunt,
1073 3172 1195 3235 apparet,

146 3257 198 3294 nec
220 3243 315 3293 miram
341 3247 399 3298 esi.
428 3246 451 3293 si
476 3245 516 3295 lta
541 3243 668 3309 scripsit,
696 3241 824 3293 librarlos
842 3240 915 3290 MM.
937 3239 964 3289 lu
983 3239 1050 3289 XX
1066 3247 1195 3288 mutasse.

125 3311 190 3363 'ct
210 3316 272 3364 adn.
291 3315 326 3364 ad
344 3313 370 3373 s.
389 3311 583 3364 texeremus.
618 3313 676 3375 Quo
695 3312 784 3364 minus
800 3321 850 3375 pro
867 3309 966 3360 XXX
983 3296 1042 3358 cum
1060 3318 1197 3368 anonymo

164 3480 191 3541 S.
211 3479 229 3530 4
253 3494 323 3545 quae
342 3484 477 3535 Oceanum
499 3483 633 3548 attingunt
676 3484 837 3541 curaverat
866 3491 993 3546 quasque
1020 3476 1051 3526 in
1078 3474 1196 3526 aridum

111 3555 247 3615 quaeque]
270 3555 346 3602 llaec
369 3566 421 3604 nou
441 3555 480 3604 ita
498 3556 634 3616 interpre·
675 3553 874 3618 annumerat,
896 3548 978 3598 lllrtii
995 3547 1082 3596 verba
1100 3548 1197 3596 docent

111 3622 196 3671 ‘³⁰⁶³
220 3634 297 3686 ⁸⁸⁸0,
334 3632 363 3671 ut
386 3623 437 3676 illa
459 3622 517 3673 civ.
541 3626 574 3688 2,
597 3624 632 3673 21
676 3622 710 3687 8,
728 3623 762 3673 31
780 3622 806 3682 s.
825 3619 856 3671 l:
874 3622 1047 3680 ceteraeque
1062 3614 1196 3666 ciuitates

112 3689 141 3750 S·
159 3689 192 3739 4:
216 3691 277 3755 ipse
295 3692 331 3741 iic
348 3692 481 3752 nunnus,
502 3704 573 3755 quas
591 3694 632 3744 Μ.
675 3692 789 3757 positae
811 3691 841 3740 in
866 3687 974 3740 ultimis
997 3684 1106 3736 Galliae
1130 3682 1197 3750 tini·

113 3762 229 3821 Varro,
254 3772 380 3826 quaeque
398 3760 536 3812 Gaditani
552 3761 633 3812 iussu
676 3763 741 3826 bus,
773 3760 884 3811 Oceano
908 3755 1093 3819 coniunctae,
1125 3767 1197 3820 quoe

114 3830 259 3880 Varronis
276 3832 420 3896 fecerant,
437 3831 634 3882 Tarraconem
676 3830 847 3883 Armoricae
863 3827 1057 3889 ornabuntur.
1093 3890 1100 3903 ,
1238 3834 1241 3840 ¹

112 3928 147 3938 -·
164 3901 317 3963 peruenit,
345 3901 390 3949 sed
415 3904 443 3949 ut
466 3901 515 3949 illa
539 3901 573 3966 1,
598 3902 633 3952 28
728 3911 819 3950 eorum
839 3894 1045 3953 consuetudine]
1067 3893 1116 3941 llis
1132 3903 1198 3940 ver-

113 3967 140 4027 s.
156 3965 189 4017 l:
208 3969 307 4035 quibus
323 3968 368 4018 iili
384 3981 471 4037 apros
489 3969 634 4021 dederunt
677 3969 720 4019 bis
737 3968 908 4031 significatur
924 3964 1021 4014 Gallos
1038 3963 1105 4012 illas
1125 3960 1196 4009 civi-

112 4051 240 4104 quosque
252 4042 353 4102 postea
366 4067 400 4077 —
413 4042 589 4102 receperunt
607 4045 635 4088 et
678 4042 767 4103 tates,
786 4047 854 4099 quae
872 4035 966 4095 plures
982 4040 1059 4081 eraut
1075 4037 1103 4079 et
1120 4042 1197 4079 suum

113 4105 633 4174 5,acs.2:nuves,quttusc‹1e-
678 4119 800 4172 quaeque
823 4115 919 4154 nomen
946 4101 1097 4162 trabebant,
1129 4110 1198 4147 cun·
1297 4101 1304 4118 ·

113 4189 166 4228 our
189 4179 352 4232 enerciturn
372 4180 635 4245 transportandum
678 4181 738 4228 ctas
769 4172 902 4228 conmuni
924 4170 1032 4223 uomina
1053 4167 1198 4233 appellare
