2700 4726
159 300 227 371 410
420 296 491 366 ott
519 294 699 365 ontio
728 294 983 368 onnnioo

165 487 323 569 misnae,
344 484 387 555 de
408 486 653 593 expugnatione
671 506 738 553 non
750 486 856 641 feius
878 485 1043 574 egendum
1061 483 1256 565 eonstitnit‚

122 583 268 666 iqusm
291 595 361 645 rem
388 574 642 644 frumentinam
664 594 747 663 expe

773 576 869 644 isset.
911 574 965 641 At
992 571 1256 660 Vercingetorix

234 767 269 818 ie
292 766 491 832 expugnatione
508 777 561 818 non
580 762 655 828 prius
674 764 806 830 egendum
824 761 978 826 constituit]
1008 764 1093 828 Bong.
1110 764 1146 817 Α.
1170 765 1258 816 voss.

200 835 279 890 ABG.
297 838 374 900 Egrn.
391 837 460 888 Lov.
484 836 526 900 „5
544 833 620 886 eiii“
644 835 713 885 hob.
733 834 796 886 Par.
816 837 850 886 A.
870 835 946 887 (init.
965 844 1022 885 seo·
1040 834 1109 887 er.
1129 833 1177 884 Dr.
1198 834 1257 886 AB.

199 906 288 960 vtae..
299 903 377 956 doc.
395 906 476 957 tinto.
487 907 519 958 B.
538 906 634 957 flsmb.
653 904 714 970 (trie
726 929 761 940 —
777 903 931 956 constitnit
947 903 1090 971 opendont
1103 904 1156 953 tiu.
1172 901 1260 956 vind.

201 974 318 1026 boniti.
333 974 394 1026 edd.
410 984 475 1026 ante
491 975 555 1028 Aid.
572 969 654 1038 (Ven.
667 985 693 1027 e.
711 997 746 1014 ›—
761 974 910 1039 Apendnm
926 968 1035 1037 const.)
1051 972 1088 1023 de
1106 983 1259 1037 oppopon-

126 1053 130 1058 “
200 1043 281 1098 timue
302 1043 488 1109 desperavit,
517 1044 553 1095 de
578 1041 737 1094 obsessione
756 1055 815 1093 non
830 1044 916 1107 prins
933 1042 1077 1109 rependum
1101 1038 1259 1094 constitnit

58 1122 68 1129 ·
198 1113 270 1165 anu.
287 1113 338 1164 (ix.
356 1113 432 1164 heio.
450 1115 486 1163 Δ.
508 1113 567 1174 (trio
584 1138 620 1150 -
635 1110 778 1172 institnit)
803 1112 875 1163 flav.
895 1108 929 1162 Α.
954 1110 1037 1162 Viod.
1054 1113 1088 1160 Δ.
1106 1111 1143 1161 de
1162 1122 1261 1173 empse·

198 1181 335 1251 pmtiooe
352 1181 534 1247 desperavit:
549 1183 586 1233 de
601 1180 760 1233 obsessione
778 1195 836 1232 non
850 1181 936 1247 prins
947 1179 1088 1246 opendnm
1102 1178 1260 1231 constitnit

198 1252 263 1305 Aid·
288 1254 318 1318 et
345 1265 403 1317 sqq.
431 1254 540 1303 tecente
563 1250 647 1302 cono.
671 1259 699 1300 et
716 1252 751 1300 de
768 1250 826 1302 Pet.
845 1259 874 1300 eo
892 1247 942 1302 On.
959 1246 1109 1312 exemplari
1124 1248 1209 1300 Febr.
1228 1249 1259 1299 in

199 1331 253 1385 quo
275 1322 309 1371 de
331 1322 414 1376 voss.
433 1315 466 1369 Α.
488 1323 565 1384 itgro.
583 1322 651 1370 ιον.
671 1318 759 1382 idem,
790 1321 861 1385 quod
879 1319 914 1371 ub
932 1319 1001 1370 oud.
1017 1318 1153 1380 tenetur,
1181 1318 1259 1367 oon.

200 1402 269 1441 vero
291 1391 328 1442 de
353 1380 498 1440 obsidione
521 1388 645 1441 omittere
662 1386 771 1439 dieitur.
806 1387 1022 1453 initiamentis,
1047 1397 1127 1450 quum
1146 1390 1261 1451 praeter
1320 1404 1323 1408 ’

199 1459 424 1512 consuetudinem
440 1461 553 1509 secutus
568 1459 612 1508 est
622 1455 812 1522 Nipperdeius,
829 1471 910 1507 unum
922 1458 1088 1508 oommodum
1103 1458 1153 1506 troo
1166 1457 1259 1521 babet,

199 1527 486 1592 quodBongersiunae
503 1527 579 1590 origo
596 1539 631 1575 ex
650 1538 684 1576 ee
700 1527 832 1578 tusniirne
848 1524 938 1589 repeti
955 1528 1055 1592 potest,
1066 1532 1188 1575 osterum
1202 1537 1258 1576 en-

199 1596 329 1649 otoritste
345 1597 476 1648 destitute
493 1597 537 1646 eet
554 1598 597 1658 et,
614 1593 638 1644 si
656 1596 901 1663 expugnationem
918 1595 1038 1658 scriptor
1056 1593 1260 1659 significatione

198 1665 302 1717 noitetn
320 1665 392 1717 ,dixit
414 1661 467 1730 (ei.
493 1677 520 1716 e.
544 1666 580 1714 oti
606 1660 634 1722 S.
661 1666 732 1715 lut
750 1665 807 1716 nisi
825 1663 971 1715 obsidione
990 1663 1156 1731 emanant
1172 1674 1261 1725 posse
1319 1666 1325 1691 ⁸

198 1745 258 1786 non
274 1733 430 1787 videretur
448 1746 487 1783 se.
508 1732 618 1791 Alesia)
640 1735 805 1785 sententiam
826 1734 913 1784 efficit
933 1733 1042 1785 minime
1064 1731 1261 1800 verisimilem,

199 1814 281 1873 quam
304 1803 378 1855 Mori
403 1801 522 1855 ostendit
546 1802 751 1865 interpretatio:
781 1800 859 1853 Vidit
880 1814 933 1855 non
957 1814 1039 1865 posse
1063 1800 1159 1853 urbem
1184 1800 1258 1866 oapi,

110 1900 116 1909 .
199 1870 255 1923 etet
272 1872 461 1935 obsideretur3
485 1872 573 1922 uoluit
590 1872 681 1922 umen
697 1882 758 1922 eam
777 1871 916 1923 obsidione
934 1870 1101 1936 aliquamdiu
1118 1882 1261 1938 premere,

199 1940 251 1997 sed
273 1949 424 1993 commeatu
447 1943 510 1993 aute
534 1938 654 2002 proviso.
695 1941 728 1990 ln
746 1940 864 1992 tensione
882 1938 1000 2005 ondins,
1019 1952 1099 2003 uuam
1120 1939 1260 1992 Wbittins

198 2008 312 2075 recepte,
329 2009 503 2063 offensionem
519 2009 651 2072 praebere
662 2017 753 2071 potest
767 2008 920 2062 obsessioni
934 2009 1058 2075 opposita
1069 2008 1258 2076 approperans,

197 2090 261 2130 enm
277 2078 383 2130 Hirtius
399 2079 507 2145 quidem
523 2081 551 2144 8,
571 2080 606 2128 26
621 2076 648 2139 §.
667 2081 684 2128 2
702 2079 729 2128 et
745 2076 764 2128 4
780 2090 949 2145 oppapnore
967 2087 995 2128 et
1012 2078 1142 2129 obsidere
1159 2080 1187 2128 in
1207 2089 1258 2129 ea·

197 2148 260 2201 doru
284 2161 316 2200 re
342 2150 467 2212 posuisse
491 2149 635 2211 videatur,
666 2154 694 2198 eo
716 2149 788 2210 quod
805 2147 961 2213 desperari
978 2148 1110 2198 derebus
1129 2146 1210 2200 bonis
1227 2149 1258 2197 et
1279 2172 1280 2181 ι

85 2212 95 2233 “
160 2248 163 2255 ι
197 2230 248 2280 per
262 2230 294 2268 se
312 2217 470 2281 expetendis
488 2217 542 2267 dici
563 2218 651 2280 soleo,
678 2218 925 2279 veintuesaiuee,
946 2216 1129 2280 devictoris,
1157 2216 1257 2282 quibus

196 2286 281 2338 rebus
305 2285 468 2350 oppugnatio
494 2282 667 2335 adnumerari
691 2296 745 2335 non
768 2288 867 2348 potest
902 2286 955 2336 sed
976 2297 1075 2350 pupno
1092 2298 1147 2337 non
1165 2285 1254 2349 magis

195 2354 294 2406 bouum
312 2359 341 2405 et
359 2368 409 2418 per
425 2365 456 2403 se
471 2355 652 2415 expetendum
670 2361 722 2414 est,
741 2362 770 2404 et
785 2355 877 2405 temen
889 2362 966 2405 reste
986 2357 1010 2418 t,
1027 2351 1064 2407 to
1078 2352 1104 2414 S.
1120 2355 1138 2405 8
1152 2356 1257 2420 despe-

195 2425 301 2475 rantes
317 2425 353 2475 de
369 2436 467 2490 pnpno
486 2422 610 2473 dicuntur
626 2421 657 2484 ii,
672 2422 717 2483 qui
730 2423 812 2475 etiam
826 2431 881 2476 tum
895 2434 988 2487 pugna
1001 2423 1144 2475 desertare
1161 2424 1258 2488 supie-

195 2493 262 2544 usne
274 2499 308 2541 ,eo
327 2492 490 2555 aliquamdiu
513 2493 590 2555 iore,
615 2493 645 2539 ut
663 2492 854 2555 decertarent,
873 2495 1064 2554 speraverant.
1099 2492 1257 2560 oppopon-

196 2560 285 2613 tionts
304 2564 394 2611 autern
411 2562 483 2612 noeto
501 2562 554 2611 etsi
572 2559 656 2610 tetius
675 2562 758 2627 patet,
776 2568 804 2610 eo
822 2562 975 2624 quicunque
994 2561 1152 2629 obsidetur,
1171 2564 1196 2613 is
1215 2564 1258 2614 si-

196 2631 253 2681 reni
276 2631 480 2696 oppnpnntnr,
510 2640 540 2681 ut
563 2627 669 2678 iiirtius
695 2640 748 2679 non
772 2632 876 2682 temere
895 2629 1021 2683 obsideri
1037 2632 1164 2696 oppidum
1183 2631 1256 2684 idem

196 2698 305 2760 dixerit,
323 2711 375 2759 quo
393 2701 515 2749 eieusunr
531 2698 649 2761 aliquem
666 2696 774 2748 dixerno
790 2698 972 2766 opponerent,
990 2699 1075 2753 nihilo
1096 2710 1188 2753 tumen
1206 2703 1258 2753 mi-

197 2778 252 2819 nue
275 2767 347 2817 sient
368 2765 426 2818 alia
451 2768 585 2819 vocabule
610 2766 718 2828 proprie
742 2779 830 2831 genus
848 2768 1050 2835 significantia,
1083 2770 1118 2821 ed
1136 2754 1259 2835 speeiem

132 2892 134 2897 ,
199 2836 362 2903 transierit,
390 2838 418 2886 et
435 2847 471 2886 eu
488 2835 662 2901 expugnandi
680 2835 766 2900 ratio,
796 2847 866 2902 quae
887 2837 917 2888 vi
935 2839 962 2888 et
980 2846 1009 2888 eo
1026 2849 1141 2907 aggere,
1159 2834 1260 2910 vineis,

163 2986 689 3055 rnmterttbtaetempestastaeta
730 2988 903 3042 mittendam
931 2990 986 3043 sibi
1014 2991 1125 3047 indicat
1154 2997 1186 3048 et
1219 2999 1263 3053 de

164 3058 278 3112 mett.
731 3060 826 3112 betto
851 3062 1045 3125 rependam.
1082 3064 1261 3125 Quinetiam

190 3138 193 3145 ·
730 3129 930 3196 eodemsensn,
940 3143 994 3194 qno
1002 3133 1262 3203 incompositione,

217 3197 252 3247 de
283 3193 490 3260 expugnatione
520 3208 578 3248 non
610 3195 690 3261 prius
730 3199 767 3250 de
797 3197 868 3249 bebio
899 3200 949 3264 api
970 3200 1015 3252 irio
1040 3203 1144 3254 dietum
1168 3206 1262 3259 videri
1299 3246 1301 3257 .

163 3267 300 3331 agendum
313 3265 470 3326 constituit]
484 3265 631 3333 Apendum
639 3268 691 3316 du·
732 3268 834 3332 potest,
852 3266 878 3317 si
891 3269 1014 3330 scriptor
1026 3270 1134 3323 ironioe
1147 3275 1260 3329 locutus

163 3335 248 3388 nitori
264 3338 358 3398 potest
372 3339 463 3386 utrum
475 3335 510 3385 de
522 3347 557 3385 ea
568 3339 690 3400 estisne,
733 3338 787 3389 est.
820 3337 913 3399 Atque
934 3339 999 3401 ipse
1021 3340 1074 3392 illa
1091 3342 1128 3395 de
1145 3355 1262 3410 compo-

164 3416 237 3470 puae
253 3406 366 3469 proprie
384 3405 502 3467 dieitur,
527 3417 598 3466 qnae
615 3406 690 3458 iasi-
733 3406 848 3468 sitione,
864 3407 900 3458 de
913 3421 987 3472 paee
1000 3423 1089 3477 apere
1104 3414 1134 3462 et
1146 3414 1262 3482 similia,

163 3475 238 3527 entis
257 3479 311 3542 est,
329 3487 366 3526 en
384 3476 418 3525 de
431 3475 599 3539 cogitatione
612 3477 691 3527 anei·
733 3476 873 3542 inquibus
888 3477 962 3529 aetio
974 3480 1137 3544 plerumque
1151 3486 1263 3538 odoru-

162 3544 292 3608 piendnm
304 3546 351 3611 sit,
366 3556 446 3608 quem
457 3542 615 3609 significari
629 3546 691 3595 sta·
732 3545 836 3596 tionem
858 3546 1002 3613 refertur,
1026 3551 1175 3606 ¹interdurn
1194 3566 1263 3618 pro-

164 3614 217 3667 tuit
230 3614 592 3687 Moebiusoetiberondam‚
609 3615 690 3683 sopi-
727 3615 795 3678 pris
822 3613 924 3681 dietam
948 3618 1115 3689 designent,
1143 3626 1175 3674 ut
1198 3624 1261 3676 civ.

162 3685 284 3735 nodam
317 3684 505 3745 interpretans
537 3688 566 3735 et
597 3686 689 3736 loeum
733 3684 1262 3749 3,188.5:oonntnstamennibito

161 3754 312 3805 oonierens
332 3752 393 3803 civ.
414 3753 447 3818 1,
470 3755 505 3804 26
522 3751 548 3812 S.
568 3752 600 3820 5,
632 3766 686 3818 quo
731 3752 828 3806 minns
857 3758 903 3806 est
928 3757 996 3809 abiis
1019 3761 1181 3815 rationibus
1204 3776 1263 3831 per·

161 3821 254 3871 temen
267 3820 328 3871 loeo
342 3834 389 3871 res
403 3832 492 3885 oeque
506 3822 614 3873 ineerta
627 3828 686 3874 est:
730 3825 883 3892 emrboqnio
896 3826 932 3879 de
940 3839 1114 3895 poeeapere.
1129 3834 1260 3885 etinten-

159 3886 252 3941 rano
264 3891 332 3953 post
348 3892 501 3942 renuntiat
514 3889 599 3956 (nino
613 3892 687 3944 cne—
729 3895 793 3944 dum
817 3896 924 3946 dubites
945 3899 1091 3965 loquendi,
1122 3914 1161 3953 en
1178 3904 1259 3969 cogi-

160 3957 244 4026 mini),
263 3960 339 4024 qnod
359 3961 607 4027 consenescebant,
625 3963 687 4015 sine
729 3964 808 4014 tendi
828 3966 996 4030 significatio
1016 3972 1106 4021 verbo
1125 3970 1260 4025 adiuncto

158 4026 219 4080 iltis
243 4041 301 4079 non
323 4042 407 4101 posse
426 4032 474 4096 opi
491 4030 527 4083 de
545 4033 687 4096 composi·
730 4033 779 4098 eit,
794 4037 873 4086 velut
886 4037 946 4088 civ.
960 4040 987 4101 3,
1001 4037 1036 4092 83
1048 4042 1076 4103 S.
1089 4038 1123 4090 4:
1140 4045 1261 4108 postre-

158 4096 245 4155 tione.
282 4098 331 4151 lto
347 4099 462 4164 saepius
478 4111 543 4151 rem
563 4102 688 4167 frustra
729 4116 776 4154 mo
790 4117 888 4157 omnes
900 4107 954 4157 ont
965 4107 1001 4158 de
1013 4106 1171 4163 bonoribus
1184 4112 1259 4180 snis,

67 4210 70 4215 .
157 4168 303 4227 tentatam
326 4164 436 4223 Caesar
461 4169 617 4235 musondo
639 4171 686 4224 ot-
730 4174 829 4228 sntde
842 4174 981 4239 praemiis
994 4178 1145 4250 pecuniae,
1161 4183 1261 4237 mnne
