2700 4726
386 305 493 383 trn.
517 307 601 381 cn.
648 307 815 386 cnut
1097 311 1165 379 aar
1215 245 1218 253 ¹

72 493 249 577 Cevenna,
269 491 329 581 qni
348 495 522 571 Arvernos
547 499 588 564 ab
610 498 744 567 Helviis
768 499 945 581 discludit,
980 497 1165 566 durissimo

73 593 233 672 tompore
257 587 334 648 anni
356 586 528 651 altissima
549 589 624 652 uice
645 587 713 652 iter
732 588 948 677 impediebat,
968 592 1079 652 tumen
1094 586 1164 652 die·
1242 603 1259 682 4:

70 694 178 737 cuasa
201 672 278 736 nire
297 694 355 738 nex
377 673 411 737 in
435 674 649 738 altitudinem
667 674 788 761 pedum
805 684 906 762 atque
921 678 971 740 ito
986 675 1051 740 viis
1068 681 1165 764 pato·
1240 678 1256 765 'j

71 759 179 826 iactis
203 779 334 826 nummo
356 760 501 826 militum
523 761 640 827 labore
663 762 706 829 ad
723 764 808 831 fines
828 766 1060 832 Arvernorum
1085 782 1166 850 per·
1247 766 1249 771 ⁴

108 969 181 1022 (iud.
199 967 277 1030 stylo
290 963 419 1016 Caesarie
433 978 586 1030 repugnare
599 966 676 1031 dicti,
695 966 748 1018 eibi
762 964 868 1031 quidem
881 967 909 1017 et
921 969 1066 1020 memoriae
1080 981 1167 1021 cauea
1240 953 1251 1043 ζ’

110 1037 241 1088 ecribcne
257 1037 339 1086 etiem
352 1034 458 1086 caesar
475 1037 598 1101 omittere
616 1038 684 1088 illud
697 1037 793 1101 potuit,
811 1039 941 1087 lectorum
961 1050 1038 1101 vero,
1055 1051 1167 1101 quorum

108 1107 237 1170 plerique
254 1103 410 1168 nescirent,
437 1104 500 1166 quid
520 1108 596 1156 esset
613 1106 761 1170 Cevenna,
784 1105 916 1156 rationem
933 1109 1035 1158 habens
1054 1109 1169 1169 quilibet

110 1176 163 1228 uel
189 1174 299 1238 paulum
323 1171 528 1235 perspicuitatis
553 1176 693 1226 studiosus
712 1186 813 1239 ponere
831 1175 930 1224 debuit.
965 1175 1023 1225 lam
1041 1178 1168 1236 praeter-

109 1242 209 1297 missio
228 1242 347 1293 dubitari
363 1242 454 1304 potest
471 1246 560 1296 utrum
575 1241 811 1308 premeridibus,
828 1243 1063 1311 nenegligentiae
1079 1246 1168 1297 libro·

109 1314 148 1367 rii
166 1316 282 1374 accepta
298 1311 336 1360 ait
354 1312 506 1364 referenda.
1235 1314 1241 1377 ξ

144 1378 271 1447 llelviis]
288 1381 389 1432 Heluic
407 1381 478 1432 fluv.
496 1383 531 1431 Α.
548 1378 631 1435 vind.
648 1382 683 1430 Α.
700 1379 750 1432 Dr.
772 1380 802 1430 ll.
825 1379 919 1434 deuiis
936 1377 1007 1437 Ven.
1025 1384 1083 1434 cde.
1109 1384 1169 1435 ilc-
1232 1381 1240 1440 ,ἔ

110 1451 178 1504 duis
197 1451 273 1501 (ioli.
298 1451 380 1500 Febr.
397 1452 478 1503 Vrat.
497 1452 528 1500 li.
555 1450 638 1501 Vind.
657 1451 686 1498 li.
706 1449 757 1500 (iu.
776 1451 804 1499 et
821 1462 839 1500 a
857 1464 891 1502 m.
910 1466 951 1515 pr.
969 1453 1019 1505 Dr.
1038 1448 1071 1501 Α.
1089 1452 1170 1504 edotio
1229 1444 1236 1502 i

111 1518 379 1642 linmb.7lieloetiic
396 1519 469 1572 Lot.
486 1520 570 1572 liabr.
591 1516 736 1571 vind-(21.
756 1520 815 1570 cotl.
832 1518 925 1581 lirant.
942 1524 971 1573 et
989 1522 1058 1575 oud.
1076 1523 1168 1588 iidem,
1227 1520 1231 1559 ἕ

130 1590 159 1641 lll
177 1602 202 1642 00
220 1640 224 1647 ,
243 1622 251 1636 ·
1229 1598 1230 1603 ,

110 1605 288 1724 quincunce]
315 1655 437 1708 discum
462 1655 537 1709 beiti.
560 1653 596 1710 Α.
621 1657 650 1710 S.
675 1658 748 1709 llav.
770 1660 805 1709 A·
830 1654 914 1710 vinc.
930 1653 964 1708 A.
991 1656 1100 1719 discisa
1117 1657 1168 1710 tin.
1227 1653 1232 1698 ἰ

111 1727 184 1781 oud.
207 1730 234 1776 2.
269 1727 388 1790 Utroque
410 1727 501 1788 aptius
526 1727 560 1777 ad
577 1726 698 1777 laborem
716 1727 950 1778 demonstrandum
969 1731 1012 1781 est
1028 1729 1170 1780 dbcnccn.

108 1798 247 1850 Maiorem
263 1795 334 1846 euim
347 1792 447 1846 virium
461 1795 658 1847 contentionem
673 1794 778 1858 cogitat
790 1798 922 1861 quatere,
941 1809 1021 1859 quam
1035 1794 1185 1849 scindere

111 1875 143 1918 et
160 1866 295 1931 caedere,
315 1876 385 1928 quae
403 1865 525 1916 actiones
541 1865 781 1916 instrumentorum
797 1878 847 1927 cpe
865 1868 1005 1916 acutorum
1022 1867 1170 1929 perficiun-

109 1939 169 1998 tur,
188 1933 284 1997 quibus
301 1947 334 1984 ua
352 1935 429 1986 locus
447 1935 554 1999 quidem
571 1932 659 1984 estin
676 1933 740 1982 nive
759 1932 812 1982 nisi
825 1935 889 1996 gelu
900 1936 1044 1997 adstricta,
1063 1938 1172 2000 qualem

108 2005 191 2058 illam
213 2001 303 2052 solone
326 2004 393 2055 oud.
418 2007 435 2053 2
462 2003 522 2054 sine
545 2003 709 2053 auctoritate
733 2001 803 2052 iecit
827 2004 857 2051 ut
874 2007 996 2053 statuere
1015 2006 1171 2056 debeamus.

110 2074 271 2127 Diccuicre
288 2073 389 2138 legitur
406 2071 471 2126 Liv.
489 2075 523 2137 2,
553 2075 570 2122 9
591 2071 617 2130 S.
635 2073 656 2121 3.
672 2079 700 2120 ec
719 2072 798 2121 Alex.
814 2067 867 2136 46,
893 2075 927 2120 2:
961 2073 1124 2125 discindere
1142 2078 1173 2125 et

109 2143 259 2196 discidere
284 2141 313 2193 in
335 2140 379 2192 bis
402 2138 675 2192 commentantium
698 2143 881 2231 occurrunQ,
889 2140 983 2192 curtio
1001 2143 1107 2206 quiden
1125 2143 1175 2194 nix

10 2236 15 2257 ι
111 2213 248 2266 discursu
264 2212 308 2261 eoi
325 2209 392 2262 solis
412 2214 505 2262 calore
524 2212 624 2276 solnta,
641 2211 670 2275 7,
688 2212 705 2259 3
724 2206 751 2268 S.
771 2209 814 2258 10.

66 2274 72 2287 '
146 2284 214 2343 nex]
238 2280 322 2345 Bong.
346 2281 381 2329 A.
399 2280 441 2336 Pl.
460 2280 540 2338 (Par.
560 2275 610 2343 Α.)
627 2280 699 2330 liar.
718 2281 753 2328 A.
772 2279 847 2330 (icti.
867 2279 936 2336 Wb.
954 2278 1037 2331 vinc.
1054 2274 1125 2330 llil
1145 2278 1181 2331 et'

111 2365 133 2405 a
154 2363 201 2401 me
224 2348 281 2399 viai
304 2360 397 2399 omues
418 2357 529 2412 praeter
547 2347 629 2399 vind.
650 2341 683 2400 Α.
708 2360 770 2399 cum
792 2349 851 2398 edd.
871 2358 933 2400 ante
952 2351 1014 2398 illd.
1032 2348 1058 2399 b.
1085 2353 1174 2407 [caete

111 2422 195 2480 Ber.)
212 2421 240 2469 et
256 2420 346 2484 Turn,
364 2430 420 2469 uon
436 2432 480 2474 ut.
516 2418 579 2468 Sed.
593 2418 664 2467 llav.
681 2420 719 2468 ul.
736 2415 817 2468 Vind.
831 2413 865 2469 A.
883 2431 942 2469 cum
962 2419 1012 2471 01.
1029 2418 1079 2469 (iu.
1096 2420 1175 2469 heiti.

111 2487 151 2542 A.
169 2491 198 2540 S·
213 2500 356 2540 nnmerum
374 2490 435 2550 post
450 2487 555 2552 pedum
572 2492 683 2550 ponunt,
701 2498 753 2550 quo
769 2488 829 2538 loco
841 2487 928 2551 magia
942 2488 976 2537 ad
990 2488 1177 2554 perticipium,
1200 2486 1203 2495 '

112 2570 197 2623 quam
213 2559 357 2608 adnomen
370 2557 507 2619 perticere
521 2557 638 2605 vitetur.
675 2557 710 2606 lit
724 2557 842 2607 fortasse
856 2569 890 2607 ea
903 2559 937 2606 de
951 2569 1036 2607 causa
1050 2558 1176 2608 discissa

112 2629 151 2680 ab
170 2628 227 2678 illis
245 2627 396 2688 praelatum
415 2628 474 2690 est,
492 2627 523 2675 ut
542 2623 677 2674 sententia
693 2627 784 2675 esset:
802 2624 916 2692 ncdpbetn
934 2628 976 2682 bet
993 2626 1091 2692 &ibuit
1108 2629 1126 2680 6
1143 2627 1175 2695 ὗ.
1227 2631 1231 2641 ’

115 2696 166 2764 tiri
183 2695 330 2765 eufgeriiicn
347 2707 414 2760 nor.
438 2706 499 2744 cum
517 2695 648 2756 vulgatae
665 2705 772 2745 sensus<
783 2694 820 2744 sit
834 2695 952 2763 ordonn
970 2697 1011 2752 bec
1028 2697 1046 2750 6
1064 2697 1092 2765 p.
1111 2698 1175 2767 iope
1233 2701 1238 2710 ⁴

116 2765 218 2833 &dote
236 2765 401 2821 oueciconbec
417 2764 543 2831 geborim
560 2774 620 2818 not.

151 2835 336 2895 altitudinem]
359 2834 513 2895 altitudine
538 2832 589 2890 Ox.
614 2827 856 2885 briennum.
877 2835 909 2884 Α.
929 2833 1008 2884 Goth.
1027 2834 1058 2882 Β.
1076 2833 1176 2887 llamb.
1237 2845 1247 2880 ·.

114 2905 181 2955 lier-
209 2906 289 2957 anr.
318 2902 487 2966 (attilanem
510 2900 567 2963 sc.)
601 2898 645 2951 Gi.
666 2903 727 2952 adn.
747 2915 787 2952 cr.
806 2905 840 2954 ad
858 2907 892 2970 2,
909 2901 925 2955 5
942 2902 969 2963 S.
988 2906 1024 2967 6,
1043 2916 1096 2967 quo
1112 2905 1175 2956 loco
1242 2907 1246 2926 ’-

114 2972 242 3025 Hancine
259 2974 339 3025 Ture.
357 2977 390 3036 3,
413 2973 485 3037 330,
510 2983 571 3021 oum
589 2981 682 3020 omnen
700 2972 809 3023 codices
827 2971 856 3023 in
872 2973 997 3026 ablativo
1018 2974 1175 3025 consentire

52 3050 55 3071 ¹
116 3045 240 3109 putaret,
257 3055 318 3092 eum
336 3042 504 3093 tolerabilem
522 3037 668 3090 indicabat.
728 3101 731 3105 Ι

153 3123 260 3164 nummo
276 3111 392 3163 militnm
410 3109 517 3170 labore]
542 3121 652 3158 nummo
669 3118 720 3158 om.
738 3108 842 3161 Bunlid.
861 3109 944 3172 (Lo.)
960 3108 1044 3162 Vind.
1063 3112 1097 3161 D.
1115 3111 1177 3160 edd.

120 3184 188 3234 ante
202 3183 277 3235 Ven.
296 3181 318 3229 f.
335 3181 459 3232 militum
477 3177 559 3230 tertio
576 3179 638 3228 loco
657 3185 758 3238 ponunt
777 3179 855 3231 (iarn.
874 3182 934 3230 cod.
951 3181 1030 3231 Ture.
1050 3181 1133 3230 Viud.
1152 3180 1175 3229 l.

114 3251 193 3304 litor.
211 3263 269 3302 nec.
286 3251 362 3299 Brut.
380 3262 432 3314 pro
449 3249 548 3300 labore
566 3247 626 3296 cdd.
646 3254 710 3296 ante
725 3247 821 3299 nidum
842 3263 903 3299 cum
921 3251 1002 3311 Bong.
1018 3245 1051 3297 Α.
1069 3253 1098 3299 et
1115 3249 1177 3310 ple·

116 3322 214 3382 risque
239 3320 317 3371 codd.
336 3320 434 3370 habeut
450 3318 575 3376 rudore,
602 3316 671 3379 quod
691 3314 740 3364 ille
759 3321 907 3368 secundum
929 3318 1044 3368 alterins
1064 3319 1177 3382 generis

117 3391 206 3442 libros
229 3388 363 3441 mutarit:
395 3387 493 3457 labore
517 3385 620 3450 legitur
645 3385 673 3435 in
693 3383 764 3434 Her.
784 3383 817 3436 Α.
838 3388 920 3440 vind.
941 3390 974 3435 Α.
995 3400 1081 3450 illique
1101 3387 1177 3441 eliud

136 3577 301 3636 dumeeimo]
334 3586 391 3637 non
422 3576 457 3626 ad
481 3586 602 3639 aeneum,
653 3575 726 3626 dius.
762 3573 836 3624 'item
860 3572 971 3624 Hirtius
997 3573 1030 3636 8,
1066 3573 1083 3623 5
1108 3575 1134 3636 s.
1159 3575 1206 3628 4*

82 3651 137 3705 eed
153 3651 192 3702 ad
209 3647 382 3698 efficiendum
396 3645 434 3711 it,
450 3645 522 3706 quod
537 3645 609 3696 cae·
654 3643 871 3707 tempestatibus
911 3642 1075 3694 durissimis
1116 3658 1178 3698 cum

81 3734 137 3774 aer
167 3720 302 3784 agebat,
321 3719 347 3766 11.
379 3729 404 3765 e.
429 3715 610 3775 difficillim03
655 3715 754 3766 ltientic
772 3711 947 3778 difficultate
963 3714 1113 3778 coniungit.
1134 3750 1160 3777 „

80 3803 160 3858 quae
184 3793 279 3839 tamen
301 3784 452 3837 difficultas
476 3785 557 3835 simul
575 3786 613 3834 ad
710 3788 794 3845 atque
812 3784 864 3842 ita]
889 3794 944 3832 uon
961 3783 1068 3834 minore
1089 3795 1177 3850 nego-

81 3872 201 3916 ecneom
231 3858 300 3906 dure
332 3857 361 3905 et
390 3856 510 3906 molente
539 3856 611 3904 erat.
655 3856 704 3907 tio.
740 3852 784 3903 Gi.
802 3854 865 3902 adn.
884 3854 921 3902 ad
938 3855 965 3918 3,
984 3852 1002 3904 7
1019 3853 1047 3913 s.
1066 3855 1091 3905 1.

82 3932 131 3984 ci.
154 3929 234 3980 inira
259 3938 285 3976 c.
311 3925 345 3975 10
361 3924 388 3985 S.
410 3928 425 3975 1
444 3923 530 3976 duris
545 3924 613 3975 cub·
706 3923 762 3974 viis
785 3923 949 3984 patefactis]
978 3935 1049 3984 quae
1064 3926 1180 3975 obrutae

81 3996 276 4054 coctionibus.
317 3995 377 4046 civ.
401 3997 435 4058 3,
466 3990 501 4043 25
526 3991 553 4052 S.
579 3997 613 4044 3:
655 3993 722 4047 nive
752 3994 901 4044 latuerant.
943 3993 1037 4043 illinus
1065 3996 1180 4056 proprie

81 4068 194 4123 durias
206 4065 313 4116 cotidie
328 4067 439 4128 tempus
456 4063 495 4114 ad
511 4063 614 4114 trunc-
656 4069 691 4134 3,
715 4067 730 4115 t
749 4061 777 4122 S.
797 4067 814 4113 2
831 4065 890 4116 iter
905 4075 960 4127 per
977 4063 1060 4126 ntpee
1078 4064 1181 4115 dicitnr

83 4137 268 4207 portandum
312 4134 469 4186 leuioribus
511 4132 613 4196 centu,
654 4131 798 4200 patefieri.

84 4209 162 4275 quoti
179 4209 256 4260 recte
272 4204 471 4268 interpretatus
484 4205 530 4254 ent
544 4203 613 4254 liel-
