2700 4726
401 244 633 381 'tinnit
682 293 872 409 caum
975 284 979 297 '
1125 297 1192 368 sn
1254 286 1312 412 „¹

109 500 192 559 nes,
213 476 382 548 coniuncti
409 483 499 550 inter
519 506 557 551 ss
580 490 681 572 atquc
704 482 877 573 inplicati3
913 506 980 573 quo
1003 483 1063 573 qui
1086 485 1194 550 intra-

109 573 245 647 verant,
276 587 315 633 sc
336 569 405 657 ipsi
429 572 634 641 acutissimis
657 573 757 640 vallis
786 572 983 679 induebant.
1026 570 1100 639 Hos
1122 571 1194 661 cip-

63 773 67 784 ·
143 759 213 809 ch.
237 757 322 810 Fabr-
344 757 422 815 carr.
446 761 506 813 cod.
529 765 609 814 durr.
633 760 718 814 cont.
743 764 828 827 linog‘.
847 765 880 814 A.
898 764 939 814 Pl.
957 762 1026 815 ,Pan
1045 764 1080 814 A.
1104 762 1194 814 iiten.

143 829 192 878 Dr.
212 828 242 876 li.
266 828 346 882 Vrat.
364 825 419 882 An.
440 830 520 882 Goth.
534 834 564 881 ll.
583 832 679 882 liamb.
697 830 751 882 flu.
768 833 851 884 vind.
869 831 949 883 ΟΜ.
974 834 1034 883 edd.
1052 834 1116 885 tute
1131 833 1196 882 Ald.

144 898 214 964 quin
234 896 316 946 vind.
334 900 364 949 u.
384 899 433 962 qni
453 900 531 951 Gott.
550 901 631 951 Febr.
651 901 719 954 Wb.
738 901 785 956 Dr.
804 904 837 951 A.
855 897 934 961 Vipd.
950 901 980 953 B.

179 964 316 1028 inplicati]
349 967 414 1018 Par.
437 970 470 1018 A.
500 960 596 1034 (Bonss.
615 971 663 1024 A.)
689 980 743 1020 non
765 970 842 1035 impl.
867 968 997 1035 impliciti
1018 971 1086 1022 Lov.
1108 966 1194 1022 Dorv'.

143 1035 203 1085 Pal.
225 1034 272 1083 Dr.
290 1035 321 1083 ll.
340 1035 568 1090 scanavico.
588 1040 619 1088 u.
639 1037 735 1089 liamb.
754 1040 814 1089 edd.
833 1047 897 1089 ante
914 1035 976 1091 Ald.
995 1040 1081 1089 vasu.
1098 1038 1149 1088 tir.
1167 1037 1194 1087 b.

143 1102 262 1163 (ursit.)
286 1102 441 1169 implicatis
459 1107 539 1157 Vind.
561 1108 585 1159 1.
603 1107 766 1172 complicati
785 1106 860 1160 noio.
879 1113 912 1159 A.
929 1109 1014 1157 Vind.
1032 1110 1067 1157 A.

177 1171 361 1240 intraverant]
375 1174 601 1228 intervenerant
616 1177 663 1228 Dr.
677 1173 710 1225 A.
729 1176 881 1229 intrudunt
893 1177 977 1228 Vind.
989 1176 1021 1229 1⁴¹.
1035 1175 1082 1233 (in
1096 1173 1195 1227 intru-

145 1243 253 1292 oerunt
269 1242 332 1292 Ald.
346 1244 387 1302 b.)
419 1246 607 1308 Imperfectum
626 1246 809 1298 necessarium
827 1245 914 1296 videri
931 1246 1017 1307 potuit
1030 1245 1131 1308 alicui,
1149 1244 1196 1307 qui
1246 1300 1250 1305 ,

143 1309 248 1360 borum
263 1313 412 1365 cuwmlnu
428 1316 521 1365 eodem
538 1316 630 1376 modo,
648 1326 699 1377 quo
713 1315 825 1377 [lipsius
843 1318 870 1365 et
887 1313 986 1376 Nipp,
1004 1314 1178 1377 intelligeret.

179 1380 273 1440 valiis]
292 1393 344 1432 om.
363 1383 455 1435 Haeo.
472 1384 595 1434 collibus
618 1383 690 1434 iiav.
710 1379 742 1432 A.
778 1385 809 1435 ln
827 1383 948 1447 margine
965 1384 1014 1433 Dr.
1032 1381 1065 1437 A.
1082 1395 1100 1434 a
1116 1398 1152 1434 m.
1170 1395 1194 1437 e.

145 1449 235 1510 posita
250 1452 328 1513 est'p
346 1449 454 1513 littero,
474 1454 552 1516 quasi
569 1451 626 1503 aliu
645 1453 728 1503 lectio
748 1452 783 1504 sit
802 1454 896 1516 pallis.

179 1518 287 1578 cippos]
314 1518 393 1584 cipue
417 1523 474 1572 Pet.
495 1524 569 1585 [lgm.
590 1517 673 1571 Pulm.
693 1523 775 1584 Bong.
793 1521 824 1573 c.
849 1516 927 1571 Vnst.
945 1521 978 1570 A.
1000 1518 1081 1570 vind.
1100 1518 1131 1570 c.
1157 1522 1196 1584 ei.

144 1584 172 1636 ln
188 1597 240 1650 quo
255 1589 431 1651 praecedenti
454 1590 506 1641 ios
521 1592 669 1655 adhaeret,
694 1592 789 1643 Hnmb.
814 1591 920 1657 „Quod
938 1598 1029 1640 autem
1046 1595 1104 1655 est,
1129 1589 1197 1656 Gip-

110 1764 176 1805 esse
201 1768 288 1819 neque
312 1755 429 1819 legimus
452 1768 541 1822 neque
568 1771 631 1809 cre·
677 1767 707 1810 ta
724 1757 904 1809 remotissima
921 1758 958 1809 ab
976 1769 1011 1809 ea
1030 1762 1121 1820 esset,
1147 1761 1197 1808 ba-

109 1825 175 1874 dere
193 1837 351 1888 possumus,
375 1826 455 1893 quia,
482 1829 508 1877 si
528 1829 633 1878 iacieu·
677 1827 768 1877 buisse
787 1828 922 1877 docemur.
956 1828 1079 1889 Quodsi
1103 1827 1198 1879 distri·

109 1894 297 1958 demisisset,
313 1893 633 1962 faciliuseaesis,quam
676 1894 851 1946 buticum‘ad
870 1897 962 1947 fossas
981 1899 1105 1961 referas,
1130 1909 1198 1961 qua-

110 1963 247 2013 stannbus
259 1964 403 2013 arboribus
419 1964 478 2014 tieri
493 1965 633 2025 potuisset.
677 1978 737 2016 rum
768 1964 795 2013 in
829 1964 944 2027 siugulis
973 1966 1045 2028 quini
1075 1962 1198 2030 stipitum

110 2033 165 2082 Sed
185 2046 219 2083 ex
238 2043 286 2097 co,
311 2033 381 2093 quod
410 2033 529 2096 stipitum
550 2047 634 2092 uacu—
678 2034 788 2086 ordines
810 2033 930 2098 tuerint,
960 2038 988 2083 et
1005 2036 1199 2098 longitudinem

109 2101 184 2152 mina
196 2102 332 2152 delibrata
344 2104 371 2149 et
385 2113 532 2163 praeacuta
545 2106 634 2168 erant,
678 2107 705 2153 et
735 2102 906 2152 latitudinem
930 2102 1067 2154 fossarum
1092 2104 1201 2154 silentio

112 2173 179 2233 bos,
198 2182 215 2220 a
232 2169 329 2232 quibus
348 2170 502 2221 eminebant
519 2172 635 2235 stipites,
678 2172 900 2234 praetermissam
917 2168 1013 2221 mirari
1040 2180 1067 2221 et
1089 2173 1201 2222 iilamne

112 2251 205 2290 ramos
247 2238 423 2289 interioribus
465 2241 635 2291 abscisorum
678 2252 714 2302 an
746 2241 815 2295 banc
848 2253 882 2290 an
912 2243 1055 2302 utramque
1084 2240 1201 2302 quinque

110 2309 237 2368 partibus
271 2318 366 2358 enatos
402 2320 465 2358 esse
501 2310 635 2375 colligen-
677 2310 807 2371 partitam
837 2310 962 2377 statuas,
999 2309 1121 2359 dubitare
1150 2321 1201 2360 co-

111 2379 172 2428 dum
192 2382 244 2427 est.
677 2378 761 2442 garis.

165 2444 225 2505 §.A
244 2444 324 2506 Quini
344 2448 423 2497 eraut
441 2443 564 2504 ordines]
582 2457 635 2496 non
730 2445 867 2497 coniuncti
884 2444 956 2495 inter
972 2458 1002 2494 se
1020 2454 1102 2508 atque
1119 2441 1202 2507 inpii-

110 2515 265 2581 iossarum,
292 2517 341 2565 sed
366 2515 497 2577 stipitum.
532 2516 634 2576 Quam·
678 2514 746 2582 nati]
778 2515 1014 2565 Coniuncilonem
1043 2517 1069 2563 b.
1096 2516 1114 2564 i.
1138 2517 1200 2566 sola

110 2597 190 2647 quam
212 2585 281 2634 enim
299 2587 435 2635 fossarum
458 2596 562 2648 quoque
579 2595 634 2633 non
677 2584 878 2648 propinquitate
897 2586 955 2634 sine
973 2583 1135 2647 contagione
1154 2584 1200 2634 ei-

109 2654 217 2715 minus,
242 2667 323 2716 quam
346 2653 499 2716 scrobium,
524 2653 634 2703 ordines
676 2655 777 2704 iactant
796 2652 945 2717 significari
970 2655 1006 2704 ad
1026 2650 1114 2718 4,17
1137 2650 1200 2711 §.9

110 2721 220 2785 quidam
244 2722 359 2782 cogitari
379 2726 494 2785 possunt
512 2721 635 2783 pluribus
677 2722 803 2780 ostendi3
835 2725 885 2770 sed
916 2723 987 2786 quod
1011 2720 1130 2771 additum
1157 2727 1201 2770 est

111 2792 214 2854 singuli
237 2792 320 2840 iussis
344 2798 517 2853 constantes,
543 2793 635 2839 tamen
678 2791 815 2855 inpiicnti,
835 2791 895 2840 eius
912 2791 1119 2853 propinquitatis
1135 2801 1199 2851 spa·

112 2863 142 2911 et
159 2860 281 2922 proxime
305 2861 501 2923 praecedentes
527 2857 635 2919 stipites
679 2863 745 2912 tium
763 2859 856 2909 deiinit
880 2860 936 2926 ita,
962 2862 991 2908 ut
1010 2859 1090 2908 simui
1111 2859 1201 2910 couti·

112 2939 191 2991 sunt,
222 2942 274 2979 non
300 2931 408 2991 iussae,
441 2931 468 2977 et
491 2926 637 2978 coniuncti
680 2930 756 2993 gisse
783 2928 855 2976 inter
887 2939 918 2977 se
946 2928 1066 2987 stipitum
1092 2926 1203 2977 ordines

111 2998 192 3048 inter
217 3012 249 3049 se
276 3001 364 3062 atque
389 2997 531 3060 implicati
557 2995 591 3045 si·
611 2995 637 3044 i·
680 2998 853 3048 demonstret.
895 2995 1007 3047 Scilicet
1026 2996 1111 3047 ramis
1134 2996 1201 3062 illis,

113 3071 170 3118 tum
184 3068 294 3116 ordines
309 3067 449 3129 aliquantu
463 3065 574 3117 facilius
604 3079 638 3112 x·
681 3066 813 3128 aquibus
832 3063 940 3127 stipites
960 3064 1133 3129 eminebant,
1157 3063 1203 3114 in-

114 3136 212 3198 plicari
240 3139 368 3200 possunt,
393 3149 472 3198 quam
491 3136 637 3186 fossarum.
681 3134 760 3185 flexis
784 3135 972 3197 contextisque
996 3133 1118 3184 binorum
1138 3146 1203 3193 pro-

113 3206 244 3269 Stipitum
259 3206 343 3270 igitur
357 3206 465 3255 ordines
479 3205 560 3255 erant
573 3201 638 3268 qni-
681 3201 830 3267 pinquitate
855 3203 927 3252 inter
950 3213 981 3250 se
1001 3203 1203 3253 coniunctorum

114 3274 163 3338 ni,
190 3287 244 3325 nou
269 3275 384 3338 singuiis
409 3274 437 3323 iu
461 3273 563 3335 iussis,
588 3273 638 3321 sed
681 3276 801 3323 ordinum
819 3271 902 3320 etiam
925 3271 1205 3334 implicatissimis

114 3344 233 3405 singulis
255 3344 283 3393 in
305 3345 427 3405 partibus
449 3343 586 3404 locisque,
610 3339 639 3390 in
682 3346 758 3404 erat,
784 3352 855 3402 quae
870 3343 963 3390 fossas
978 3345 1204 3404 transgressuros

116 3413 215 3476 quibus
231 3412 337 3462 omnino
356 3415 436 3463 buius
453 3411 562 3475 generis
576 3421 639 3460 mu·
681 3408 823 3469 impediret
847 3413 876 3460 et
894 3420 1067 3470 perrumpere
1086 3409 1204 3459 nitentes

117 3483 234 3531 ultiones
258 3490 361 3531 essent.
406 3483 465 3531 lias
490 3480 561 3530 enim
585 3490 638 3529 nou
682 3481 801 3543 iaileret,
820 3492 871 3541 quo
885 3478 997 3529 facilius
1012 3491 1042 3526 se
1057 3477 1109 3539 ipsi
1121 3489 1205 3540 prae-

117 3553 149 3600 ut
170 3552 273 3600 iussam
292 3549 449 3600 interiorem
474 3553 502 3600 et
519 3549 639 3598 exterio·
682 3548 773 3600 acutis
806 3548 926 3608 stipitum
959 3546 1145 3596 cacuminibus
1176 3547 1206 3597 iti

117 3633 175 3670 rem
201 3633 250 3682 per
276 3628 359 3670 toturn
384 3618 473 3680 oppidi
499 3619 640 3668 circuitum
684 3617 796 3669 summis
817 3617 904 3667 fossis
921 3615 1090 3666 exstantibus
1109 3617 1206 3667 iudue-

120 3688 311 3756 continuatas,
335 3689 384 3736 sed
402 3688 446 3736 bic
464 3687 562 3751 iatius,
582 3686 641 3735 iilic
683 3688 756 3738 rent.
1200 3726 1203 3735 .

120 3759 266 3822 angustius
305 3758 453 3819 productas
490 3757 641 3817 spatiisque
738 3765 791 3819 quo
816 3754 862 3816 qui
887 3747 1073 3816 intraverant]
1111 3751 1153 3804 ci.
1179 3755 1206 3818 2,

118 3828 283 3879 intermissis
306 3827 455 3876 disiunctas
479 3823 567 3875 tuisse
593 3838 641 3874 su·
686 3825 721 3878 17
745 3826 774 3886 S.
798 3822 832 3877 t:
864 3825 899 3873 ut
926 3823 1022 3873 instar
1050 3822 1130 3873 mori
1153 3821 1208 3874 hae

119 3908 171 3960 pra
202 3896 337 3956 vidimus;
369 3895 413 3946 bic
444 3906 513 3945 vero
544 3906 642 3943 unum·
684 3906 766 3957 sepes
790 3892 998 3943 munimentum
1022 3893 1207 3957 praeberent,

121 3979 254 4031 quemque
273 3966 392 4014 locorum
409 3964 516 4013 iliorum
535 3962 643 4013 ordines
687 3977 741 4031 quo
761 3975 819 4012 non
841 3962 925 4012 modo
948 3960 1078 4025 intrari,
1102 3962 1154 4014 sed
1172 3972 1209 4012 ne

122 4037 244 4096 stipitum
258 4035 374 4098 quinque
392 4045 440 4082 seu
457 4033 571 4095 quinque
583 4034 643 4083 ios-
686 4033 813 4098 perspici
833 4031 948 4097 quidem
963 4031 1069 4093 posset.

122 4118 171 4156 sas
195 4118 256 4155 cum
276 4103 431 4165 stipitibus,
455 4114 567 4164 quarum
586 4101 644 4165 pri·
738 4101 797 4154 iios
814 4103 908 4165 cippos
925 4101 1114 4163 appellabant]
1140 4097 1210 4147 Pro-

123 4187 168 4227 ma
181 4170 550 4239 iosuaeiuteriotioroxima,
566 4171 646 4234 quin·
688 4181 800 4240 nomeu,
825 4178 856 4224 ut
879 4169 944 4234 §.8
969 4172 1016 4240 td,
1041 4168 1105 4232 Sd)
1129 4178 1209 4232 quot,
