2700 4726
395 280 499 352 ero.
523 222 609 378 ara.
635 222 819 354 'caua
1087 288 1155 356 eoo
1280 358 1284 371 ,

65 489 157 534 nrore
184 488 301 533 eorum
326 471 528 554 gravissima
551 471 733 538 cerimonia
759 474 968 554 continetur,
998 494 1041 538 ne
1062 473 1152 540 iacto

64 557 162 622 initio
197 557 282 621 belli
312 557 354 635 ab
387 559 532 645 reliquis
560 557 773 629 deserantur.
824 559 915 626 Tum
939 560 1194 636 conlaudatiss

64 644 275 713 Carnutibus
301 645 381 711 dato
410 647 629 713 iureiurando
650 648 692 713 ab
714 647 886 728 omnibus,
917 648 1154 736 quindenam,

64 740 218 815 tempore
256 732 335 825 eius!
371 735 421 798 rei
460 735 647 800 constituto
688 735 730 801 ab
771 737 914 802 concilio
952 736 1152 802 disceditur·

62 826 93 892 3.
123 820 196 888 Ubi
219 841 260 886 ea
283 819 357 886 dies
380 823 490 905 venit,
522 821 692 891 Carnutes
715 822 862 893 Cotuato
884 832 919 891 et
944 823 1154 893 Conconeto-

93 1008 251 1078 ,‚reliqni“
276 1009 393 1071 (confla)
418 1013 473 1061 llis.
498 1012 578 1065 Dion.
597 1015 680 1065 Voss.
700 1015 785 1078 Bong.
803 1018 836 1068 A.
862 1014 926 1068 Par.
945 1017 978 1065 Α.
1002 1017 1075 1067 Gott.
1094 1020 1174 1066 eea·

91 1083 196 1138 Wbitt.
214 1083 262 1132 Dr.
276 1081 331 1130 Ali.
355 1083 435 1131 Vrat.
452 1081 530 1133 ABG.
552 1084 630 1132 (iota.
650 1085 680 1138 li.
699 1085 795 1132 Homo.
809 1083 894 1142 (Gn.)
911 1084 993 1135 Vini.
1013 1082 1151 1136 liclilllil.

92 1154 149 1204 inc.
173 1155 203 1202 et
219 1150 341 1213 reliquae
359 1158 422 1200 ante
443 1146 484 1200 lu.
508 1164 601 1202 errore
620 1152 766 1214 frequenti.
801 1152 844 1203 cf.
863 1154 897 1216 6,
918 1153 950 1202 11
971 1155 998 1214 S.
1018 1159 1032 1203 1
1053 1162 1081 1204 et
1099 1156 1151 1205 Se-

50 1278 54 1287 *
93 1233 180 1274 uecae
203 1221 291 1283 Epist.
313 1219 329 1269 5
356 1219 383 1280 S.
402 1223 419 1269 2
445 1223 474 1272 et
496 1233 575 1285 quern
597 1220 635 1270 ibi
651 1222 750 1272 laudat
768 1220 934 1286 Fickertus,
959 1223 1096 1276 Drakenb.
1116 1225 1151 1273 ael

10 1346 12 1351 ,
91 1288 375 1356 niv.aa‚aas.a

23 1376 27 1385 '
124 1378 235 1435 eorem]
253 1387 304 1427 oar.
323 1375 371 1426 Dr.
392 1374 502 1431 Aeon,
520 1388 562 1436 pr.

126 1458 297 1522 gravissime
313 1457 462 1508 cerimonia
480 1460 646 1522 continetur]
673 1458 866 1528 ¹accensione
887 1456 1064 1511 cerimoniae
1082 1458 1152 1510 con-

93 1531 229 1583 ticentur
246 1530 327 1578 iidem
343 1528 407 1577 libri
426 1528 522 1588 scripti
538 1533 565 1579 et
582 1530 663 1595 editi,
682 1531 727 1594 qui
746 1544 809 1595 quo.
834 1528 1010 1594 araotestma
1028 1529 1153 1578 cerimo-

45 1628 48 1635 ·
92 1602 142 1652 oia
162 1597 352 1651 contineatur
377 1598 449 1649 coti.
470 1599 552 1655 Voss.
571 1598 603 1650 (i.
632 1595 710 1651 Vrat.
730 1602 750 1648 B
769 1613 786 1649 a
803 1613 839 1652 nr.
857 1613 898 1661 pr.
924 1599 977 1649 Ge.
996 1596 1077 1646 Vini.
1093 1597 1150 1647 lili.

91 1672 144 1721 inc.
162 1683 191 1736 a.
211 1681 236 1718 e.
254 1667 424 1719 continetur
448 1668 547 1731 reliqui
575 1668 752 1730 (carentonio
770 1669 833 1726 Par.
853 1669 903 1728 Δ.)
925 1680 986 1717 curn
1006 1667 1067 1718 eon.
1085 1670 1150 1716 ente

92 1742 132 1790 ln.
159 1739 233 1802 quon
257 1736 357 1788 mutari
380 1737 555 1800 escaltgero
579 1751 631 1788 non
656 1740 780 1788 debebat.
815 1733 858 1786 Cf.
877 1737 925 1786 int.
944 1735 1152 1794 Scaligeranann

91 1807 236 1859 lectionem
260 1804 502 1856 non'ioconrotodc
520 1807 716 1871 interpretatus
735 1810 778 1858 est
802 1807 919 1856 lleldios
945 1803 998 1873 ibat
1025 1802 1151 1870 biiiigstett

91 1874 255 1933 immanita
278 1872 330 1941 tinb
355 1871 382 1928 io
408 1873 484 1940 bloiet
508 1874 584 1930 &itte
607 1876 750 1944 antboiten'
778 1874 894 1938 iungens
915 1876 963 1924 ille
983 1888 1039 1938 quo
1057 1887 1151 1940 onore,

90 1948 131 1999 ita
149 1950 260 2010 tornea,
288 1949 318 1994 ut
336 1953 364 1993 et
379 1957 461 1995 more
479 1947 599 1996 abundet
614 1956 641 1994 et
659 1958 761 1996 eorum
778 1946 1036 2006 atramentum,
1060 1956 1095 1993 an
1114 1945 1150 1994 ael

91 2016 274 2069 ceremoniae
290 2015 464 2065 referentium
482 2013 532 2078 sit,
552 2014 685 2078 ambigas.
720 2016 870 2076 Utrunque
888 2014 960 2062 vitat
977 2012 1048 2063 lllori
1064 2012 1151 2063 iuter-

91 2085 227 2152 pretatio:
249 2085 319 2133 ritus
336 2083 509 2133 sacrosancti
528 2086 555 2132 et
573 2083 748 2132 inviolabiles
768 2083 1028 2145 constantinam,
1055 2080 1151 2143 signo·

90 2151 397 2216 rememoratione,
421 2163 495 2201 more
515 2151 605 2201 Gallis
627 2152 737 2202 usitato.
773 2151 828 2200 Sed
846 2151 977 2211 quomodo
994 2149 1024 2198 in
1046 2163 1102 2199 ona
1117 2160 1149 2198 re

91 2236 178 2287 eaque
203 2220 408 2285 simplicissima
427 2222 522 2283 plures
541 2221 706 2270 cerimoniae
724 2218 818 2268 inesse
834 2219 959 2281 possint,
986 2229 1039 2266 non
1059 2220 1149 2271 uocet.

91 2292 214 2357 Longius
239 2303 256 2340 a
281 2291 358 2338 verbi
381 2289 581 2352 significatione
599 2291 710 2340 aberrat
727 2288 875 2338 sincerus:
901 2287 948 2351 auf
961 2283 1047 2347 belbe
1067 2283 1149 2352 abab

10 2424 12 2429 ,
89 2361 142 2429 liae
164 2355 291 2427 belligica
309 2358 481 2424 beatianam
499 2355 750 2425 tacitatacita,
772 2342 817 2420 eo',
838 2355 884 2418 qui
901 2356 1064 2407 cerimoniae
1082 2368 1146 2419 ny-

10 2468 12 2479 .
89 2433 177 2484 steria
193 2431 397 2494 interpretatur,
417 2430 494 2479 Dion.
504 2430 641 2479 Vossius:
662 2440 767 2479 summe
779 2426 965 2477 taciturnitate
979 2427 1147 2478 cohibentur.

120 2515 149 2578 s.
168 2512 404 2635 auconlaudatis]
425 2516 502 2578 Egm.
523 2515 622 2577 (Boug.
638 2515 689 2575 A.)
716 2515 780 2564 Par.
795 2515 829 2563 A·
846 2512 928 2564 Vrat.
949 2506 983 2560 Α.
1008 2510 1090 2562 Vini.
1109 2511 1149 2563 Aa
1201 2555 1208 2566 ,

85 2598 140 2639 uon
160 2594 194 2635 co
218 2619 226 2634 .

122 2665 190 2731 Cap.
207 2671 234 2719 3.
256 2665 283 2726 S.
303 2669 329 2718 1.
350 2665 477 2734 Cotuato]
495 2667 620 2721 Cotuato
639 2668 741 2734 „lllSS¹
760 2665 786 2718 t.
797 2661 817 2696 ‘⁶
840 2665 899 2715 Pct.
916 2667 995 2728 Egon.
1012 2664 1091 2715 Vrec.
1107 2662 1142 2715 A.

17 2776 23 2795 .
87 2741 184 2792 uena.
201 2736 345 2787 contacto
363 2737 442 2788 Vinci.
462 2737 494 2788 G.
519 2739 681 2809 Conturato
697 2739 745 2788 Dr.
764 2739 795 2785 Β.
830 2735 991 2786 &caturcio
1010 2735 1093 2797 Bong.
1112 2734 1143 2784 (i.

88 2810 170 2861 Vini.
190 2807 222 2858 li.
240 2805 387 2857 iiiacoonio
405 2808 433 2856 et
449 2809 552 2858 vossio
572 2817 600 2855 et
617 2804 817 2857 recentioribus
834 2804 991 2866 quibusdam
1010 2802 1054 2852 llic
1071 2802 1144 2853 idem

86 2879 212 2939 vitietur,
239 2876 284 2939 qui
307 2877 342 2925 ab
359 2874 447 2926 llirtio
471 2876 504 2942 8,
521 2878 557 2928 38
587 2877 753 2926 Gatruatas
771 2877 901 2940 vocator,
928 2881 1010 2937 atque
1027 2871 1066 2923 ita
1084 2873 1144 2923 iul.

86 2948 260 2999 scribendum
273 2946 319 2994 vel
327 2943 406 2994 Hirtii
421 2946 510 2995 locurn
524 2949 670 2996 secundum
686 2931 755 2994 bunc
769 2944 955 3006 corrigendum
966 2943 1070 3003 putant.
1088 2942 1144 2992 Sed

85 3017 193 3068 llirtine
206 3013 272 3064 (licit
281 3014 443 3065 Carnutum
456 3014 621 3072 iajcioitote
636 3015 847 3065 bellomontem
862 3025 923 3063 esse
934 3013 1082 3062 Caesarem
1095 3023 1144 3060 su-

59 3083 69 3099 ’
85 3084 196 3149 periore
208 3083 401 3134 commentario
416 3084 591 3147 exposuisse,
605 3083 769 3149 principem
781 3084 900 3134 sceleris
913 3082 993 3131 illias
1006 3083 1037 3131 et
1045 3078 1144 3130 conci-

38 3148 45 3160 ’
84 3157 216 3206 tutorem
229 3152 480 3204 belliGotraatam
491 3155 583 3220 faisse
593 3154 652 3214 inse
664 3166 713 3203 nos
723 3155 812 3218 uocet,
825 3150 1036 3202 nullacaesarie
1046 3156 1143 3200 auoto-
1202 3147 1205 3155 “

84 3223 168 3276 ritate
186 3230 275 3272 utens.
307 3222 410 3273 Deinde
430 3223 470 3274 ita
489 3225 575 3274 verba
591 3224 625 3272 de
645 3233 678 3271 eo
696 3220 777 3287 tacit,
803 3228 834 3270 ut
851 3232 972 3270 summae
988 3218 1059 3269 inter
1075 3228 1142 3267 suos

84 3291 258 3344 securitatis
278 3298 307 3340 et
324 3292 464 3354 dignitatis
480 3294 570 3345 virum
589 3299 671 3354 atque
687 3291 713 3338 in
734 3289 865 3355 concilio,
892 3289 962 3352 qnod
981 3291 1041 3340 o.2
1065 3289 1141 3337 rela-

83 3366 141 3413 tum
158 3371 220 3426 eet,
244 3368 379 3411 oratorem
396 3363 501 3428 notius,
520 3374 600 3428 quam
618 3373 699 3410 unum
717 3360 849 3410 nominem
869 3360 1041 3420 desperatum
1055 3368 1143 3420 agno-

84 3444 159 3481 scas.
206 3431 301 3494 ltaque
328 3433 356 3482 et
380 3430 510 3485 Caesarie
537 3440 565 3482 et
588 3430 671 3481 llirtii
695 3428 835 3480 codicibus
860 3430 939 3479 iidem
963 3427 1065 3477 habere
1092 3425 1143 3473 ‹le-

84 3502 191 3553 Manus.

118 3586 387 3644 conconetodnrnno]
406 3586 465 3637 Pet.
483 3585 565 3636 Faba.
584 3556 863 3648 (conconctocloaiao
884 3593 941 3630 sec.
954 3573 1054 3643 (iona.)
1072 3589 1143 3628 eoa-

83 3656 187 3708 coneto
205 3655 312 3705 damno
331 3657 413 3719 Bong.
429 3655 462 3705 Α.
481 3655 522 3705 l’l.
544 3656 699 3705 eooaaooeto
717 3653 794 3704 uano
812 3652 894 3703 Vini.
911 3652 946 3700 Α.
969 3650 1143 3698 conconatu-

65 3725 173 3780 aroino
192 3723 272 3776 litat.
291 3723 322 3776 (i.
339 3726 587 3781 comanendum
610 3725 681 3774 Lov.
706 3724 788 3775 Febr.
806 3721 891 3772 vind.
908 3719 941 3768 E.
969 3721 1141 3768 conconatu-

51 3884 145 3936 loram
162 3883 209 3936 esi
221 3877 336 3930 initiam
349 3877 420 3929 belli.
445 3875 576 3932 (italex.
620 3881 682 3931 ain.
700 3890 739 3928 or.
755 3883 784 3925 ec
801 3870 930 3922 llreuodii
943 3871 1009 3923 Lex.
1026 3872 1052 3922 lr.
1067 3884 1094 3920 v.
1113 3884 1140 3935 p.

51 3951 100 4021 iai,
119 3957 155 4002 3:
174 3951 286 4002 venilia
304 3950 432 4013 sublato,
452 3959 508 4013 qao
521 3962 577 4014 nu·
620 3949 706 4015 1⁰10,
725 3948 757 4012 b,
775 3957 803 3994 v.
821 3942 840 3994 8
856 3955 915 4006 sqq.

51 4024 157 4091 madi
176 4021 264 4071 dabat
282 4020 404 4082 cinnam.

97 4091 273 4149 continetur]
298 4091 384 4140 liccte
408 4090 458 4139 lroc
483 4088 577 4137 Morus
671 4084 699 4146 S.
716 4088 743 4135 3.
763 4081 947 4149 conlaudatis]
965 4082 1007 4133 (if.
1025 4083 1088 4135 ann.
1108 4080 1144 4130 eal
1248 4118 1253 4129 .

50 4165 76 4214 ct
87 4161 208 4217 liciniae
221 4157 399 4226 interpretati
415 4159 487 4209 sunt.
514 4155 576 4209 via.
620 4153 655 4222 ⁵,
673 4160 699 4208 2.
719 4152 746 4215 s.
764 4157 790 4205 ³.
