2700 4726
437 325 893 426 emmomam
1134 337 1202 404 m

111 513 243 583 caetris
273 513 397 604 positis
424 536 444 581 a
469 517 606 601 regione
635 515 735 581 unius
767 537 882 584 eorum
909 519 1077 606 pontium,
1112 540 1198 609 quos

110 602 376 689 Vercingetorix
396 603 635 670 rescindendos
658 615 853 686 curaverat,
884 613 1022 693 postero
1044 607 1100 673 die
1121 630 1196 674 cum

110 690 246 759 duabus
274 690 465 776 legionibus
495 693 530 758 iu
560 693 691 758 occuito
719 692 868 774 restitit,
904 694 1053 780 reliques
1082 697 1239 783 copiaess

108 801 190 848 cum
203 778 362 846 omnihus
376 778 637 868 impedimentis,
658 786 697 844 ut
712 787 941 862 consueverat,
966 782 1070 863 misit,
1091 784 1147 868 ca[
1166 784 1199 868 ]-

143 999 257 1067 nititur,
275 1002 305 1052 et
323 998 394 1050 inter
413 1009 461 1050 eos
478 999 542 1050 Vrs.
563 1001 598 1050 ab
615 998 729 1063 reliquis
747 999 886 1063 discrepat
902 1013 944 1066 eo,
965 1002 1033 1065 quani
1052 1014 1101 1055 res
1120 1002 1216 1055 omit-¹

144 1072 190 1137 tlt,
207 1071 287 1121 cuius
303 1071 364 1120 loco
381 1070 464 1120 Voss.
478 1070 509 1120 Β.
529 1070 610 1121 habea
627 1069 682 1120 ret
716 1069 845 1120 Geniilvo
857 1072 892 1121 ael
905 1070 1090 1137 difficultatis
1104 1085 1202 1125 nomeu

144 1140 267 1201 adiecto,
289 1138 342 1188 etsi
359 1137 466 1189 Caesar
485 1140 551 1189 iere·
562 1150 621 1188 rem
640 1136 788 1202 significat,
806 1153 840 1188 ex
858 1152 912 1202 que
929 1138 1022 1191 existit
1039 1141 1200 1209 difficultas,

143 1211 224 1260 velut
244 1220 308 1258 cum
328 1209 476 1274 locorum,
499 1206 599 1259 hiemis
617 1204 809 1273 difficultates
826 1209 911 1274 dicit,
944 1212 1035 1258 tamen
1054 1198 1200 1272 personam

143 1288 251 1342 puopue
269 1275 298 1327 in
312 1276 474 1327 ntificaltate
486 1285 645 1328 versantem
659 1275 810 1337 significari
822 1289 905 1342 posse
920 1276 1003 1328 Hirtii
1014 1279 1091 1330 locus
1104 1283 1200 1331 osten-

143 1348 187 1399 dit
201 1346 231 1408 8,
248 1344 285 1397 40
306 1347 332 1408 s.
350 1347 386 1397 5:
407 1359 465 1412 quo
481 1343 658 1413 difficultate
674 1357 776 1397 eorum
793 1346 917 1413 coquito.
952 1349 1045 1398 slatus
1062 1356 1153 1400 autem
1171 1352 1200 1400 ct

142 1414 265 1468 munitio
281 1428 389 1481 rerum,
414 1425 483 1478 quae
500 1414 622 1465 breviter
641 1426 691 1466 res
708 1414 823 1481 dicitur,
841 1413 929 1480 qualis
947 1416 1000 1478 sit,
1019 1417 1201 1470 demonstrari

141 1485 186 1537 ita
211 1481 300 1548 solet,
329 1486 360 1534 ut
381 1496 445 1533 esse
469 1484 498 1532 in
523 1482 613 1545 aliquo
632 1481 712 1546 quasi
730 1484 790 1535 loco
808 1484 923 1535 dicatur.
958 1483 1019 1534 Giv.
1039 1487 1066 1551 1,
1083 1487 1118 1539 79
1134 1484 1199 1548 §.3

140 1566 191 1607 ree
209 1554 255 1604 est
271 1564 376 1617 mopso
393 1553 424 1602 in
439 1551 578 1618 periculo,
598 1552 672 1603 (tall.
688 1544 768 1617 6,'38
783 1553 810 1614 s.
823 1557 840 1604 2
857 1552 889 1603 in
902 1566 1011 1604 sornmo
1024 1555 1200 1620 discrimine,

141 1624 176 1675 et
192 1622 256 1676 (liv.
272 1626 300 1686 3,
320 1621 353 1671 15
370 1620 432 1682 §.3
452 1620 571 1681 scriptor
587 1620 683 1672 iisdem
701 1621 807 1687 verbis,
825 1621 922 1685 quibus
940 1624 995 1688 bic,
1012 1625 1114 1675 utitur:
1131 1626 1202 1677 erat

141 1702 197 1745 res
218 1693 251 1745 in
272 1704 378 1757 mapsa
395 1688 579 1756 difficultate.
617 1692 674 1742 lam
692 1690 753 1740 lieri
771 1691 909 1752 potuisse,
941 1695 972 1743 ut
990 1705 1024 1745 ea
1040 1692 1201 1760 difficultas,

140 1761 174 1812 in
192 1772 247 1826 pua
265 1769 421 1825 restesseo,
445 1760 525 1809 simul
542 1769 676 1820 personae
695 1758 812 1809 alicuine
832 1760 979 1811 difficultas
999 1762 1153 1829 diceretur,
1173 1764 1203 1813 et

142 1830 187 1882 ite
209 1830 349 1893 vulgatam
375 1834 439 1879 ante
460 1827 633 1892 scaligerum
657 1828 800 1878 lectionem
819 1829 929 1878 belenol
948 1841 1032 1891 posse
1050 1845 1105 1883 non
1121 1842 1201 1896 nego.

141 1900 199 1952 Sed
216 1910 312 1961 porum
330 1898 543 1948 consentaneum
561 1905 622 1946 erat
639 1908 730 1980 rerpm
748 1896 925 1947 conditionem
943 1898 973 1947 in
991 1911 1126 1960 personae
1143 1901 1201 1951 oil-

141 1967 313 2021 ticoltetibns
327 1967 428 2030 potius,
449 1978 528 2029 quam
540 1974 690 2027 personam
709 1964 796 2025 ipsam
814 1966 843 2014 in
859 1958 1066 2018 dilicuitetibus
1080 1981 1200 2021 versan-

143 2048 202 2090 tem
224 2038 365 2100 cogitare,
395 2033 557 2097 praesertim
582 2046 643 2083 cum
664 2025 797 2096 perantiae
822 2020 999 2085 difficultates
1016 2039 1109 2088 nullae
1126 2039 1201 2089 allae

143 2107 219 2173 siut,
253 2116 334 2168 qoem
359 2105 386 2154 iu
409 2105 506 2167 quibus
530 2109 659 2154 versatur
679 2114 804 2164 persona.
838 2103 932 2165 Neque
952 2115 1002 2155 usu
1022 2109 1051 2155 et
1068 2106 1200 2167 exemplis

143 2174 318 2239 comprobari
347 2174 435 2235 potest
458 2171 606 2237 genitivus.
648 2170 692 2224 ci.
717 2179 826 2232 praeter
845 2182 895 2232 ea,
924 2184 994 2236 quae
1011 2187 1095 2236 supra
1112 2177 1200 2226 allata

107 2282 111 2287 -
144 2248 230 2309 sunt,
254 2247 288 2309 2,
312 2241 347 2293 25
365 2235 393 2303 §.
411 2244 443 2292 1:
474 2253 538 2292 rem
556 2253 618 2292 esse
635 2240 667 2290 in
682 2243 816 2306 cepasio.
847 2241 925 2289 buius
944 2240 1007 2291 libri
1027 2255 1051 2291 c.
1070 2246 1104 2293 32
1121 2243 1148 2304 §-
1165 2247 1200 2295 3:

145 2316 258 2366 summo
277 2324 339 2364 esse
355 2312 386 2362 io
399 2310 530 2376 clericulo
547 2322 619 2362 rem.
637 2322 662 2358 c.
680 2307 713 2359 41
733 2308 759 2368 S.
777 2313 808 2360 2:
828 2312 935 2374 poento
953 2321 1003 2361 res
1020 2311 1051 2362 ia
1067 2314 1200 2376 periculo

144 2384 254 2452 faerit.
278 2382 339 2433 clv.
361 2381 387 2444 1,
409 2376 445 2431 54
463 2380 490 2440 s.
509 2382 541 2429 1:
565 2392 630 2429 corn
646 2379 678 2428 tn
693 2378 739 2428 liis
755 2379 900 2444 anqustiis
917 2391 967 2429 res
984 2383 1068 2433 esset·
1103 2381 1200 2432 nativi

143 2465 216 2505 vero
236 2450 291 2501 etei
307 2450 434 2511 exempla
451 2461 506 2499 non
520 2449 608 2512 magis
625 2456 778 2510 suppetunt,
796 2448 861 2512 quia
877 2447 990 2511 reliquis
1009 2450 1037 2499 in
1049 2449 1118 2500 locis
1132 2463 1201 2514 opos

143 2536 202 2575 nou
219 2523 280 2571 erat
297 2518 494 2582 camarinnani,
519 2517 555 2567 ad
571 2529 651 2580 quem
670 2516 818 2579 pertineret
840 2515 1006 2584 difficultas,
1039 2520 1200 2588 periculum,

142 2590 302 2650 discrimen,
320 2589 349 2637 in
367 2601 418 2650 quo
435 2600 482 2638 res
502 2588 674 2650 versaretur,
690 2580 761 2636 ratic
779 2590 870 2635 tamen
887 2591 1013 2653 constat,
1031 2596 1060 2638 et
1076 2602 1136 2640 cnm
1150 2591 1223 2639 bo-·

146 2672 207 2712 stes
227 2658 331 2722 aliquio
346 2656 491 2719 iecissent,
509 2666 561 2717 quo
578 2668 669 2706 rernm
688 2655 806 2705 conditio
824 2667 880 2705 non
897 2654 980 2719 ipsis,
1000 2657 1200 2724 quiescerent,

144 2731 196 2780 sed
218 2726 336 2780 Caesari
361 2727 367 2737 ⁴
411 2725 598 2774 difficultatem
616 2724 746 2785 percocta
765 2728 856 2790 esset,
885 2724 930 2774 cui
954 2725 1036 2775 etiam
1056 2727 1201 2791 sequentia

144 2799 210 2864 quio
226 2739 483 2859 nmenocffmerb,
503 2795 698 2859 demonstrant,
715 2803 802 2844 causa
821 2803 874 2846 nou
893 2794 998 2861 deerat,
1016 2807 1066 2845 cur
1082 2790 1201 2848 adiere-

144 2876 192 2921 tcr
209 2864 338 2919 Caesam.

183 2996 211 3058 s.
232 2999 250 3046 2
268 2991 369 3047 castris
385 2989 496 3056 positis]
522 2988 604 3056 silis,
619 2988 720 3041 omisso
737 2991 862 3054 caetris,
878 2993 982 3056 „insit
1001 2982 1047 3041 9⁶⁴
1063 2994 1149 3058 Bong.
1165 2995 1201 3042 A.

145 3069 234 3120 Voss.
254 3067 288 3116 A.
312 3063 386 3114 (ioli.
410 3062 491 3113 Vrat.
507 3060 538 3109 Β.
559 3059 611 3108 (io.
632 3059 726 3109 liamb.
747 3060 800 3110 inc.
819 3060 893 3112 sitne
910 3063 987 3125 Egm.
1006 3061 1088 3116 Vrat.
1105 3066 1140 3112 A.
1158 3062 1203 3112 si-

146 3139 212 3188 tam
230 3134 309 3185 belo.
325 3135 355 3183 Β.
372 3131 454 3182 Vino.
473 3124 505 3179 C.
524 3127 584 3179 soie
602 3127 683 3181 Vini.
699 3129 730 3180 B.
747 3131 794 3195 et,
817 3138 847 3179 ut
864 3131 986 3195 videtur,
1010 3131 1059 3182 Dr.
1079 3135 1111 3179 Α.
1129 3141 1147 3180 a
1164 3144 1201 3181 m.

145 3219 189 3269 pr.
207 3203 318 3256 eastris
336 3203 386 3251 Dr.
400 3196 434 3249 A.
452 3209 522 3249 corr.
540 3207 583 3262 et,
608 3197 793 3260 superscripto
808 3198 929 3267 positis,
954 3198 1030 3250 heio.
1047 3202 1081 3251 A.
1097 3201 1200 3264 positis

144 3277 219 3326 Iane.
234 3274 318 3323 Febr.
339 3271 390 3321 Iab.
407 3269 511 3340 positis
528 3264 692 3320 emerissi.
709 3267 759 3319 Gr.
777 3268 801 3316 b.
819 3268 906 3319 Frell‘.
941 3267 1048 3319 Certum
1067 3271 1092 3319 b.
1111 3271 1131 3320 l.
1148 3272 1200 3320 ba·

146 3345 245 3395 bemus
267 3340 349 3391 trium
369 3339 538 3411 syliabarum
553 3338 583 3387 iu
601 3334 704 3399 optimo
719 3337 813 3387 codiee
831 3338 944 3400 eiusque
961 3338 1080 3388 asseclis
1099 3336 1200 3387 temere

146 3410 406 3476 praetermissarum
431 3409 590 3469 exemplum.
631 3406 700 3456 Nam
722 3397 830 3456 castris
846 3407 952 3473 pusilis
970 3400 1081 3472 catere,
1105 3395 1201 3467 icem-

145 3483 290 3532 admodum
308 3479 381 3549 oud,
397 3478 518 3541 patabat,
533 3475 645 3539 propter
660 3476 778 3537 postero
789 3472 842 3526 'die
855 3466 908 3527 nin
920 3472 1073 3538 possumus.
1106 3477 1200 3538 Neque

143 3552 348 3613 metaphrastes
365 3558 409 3611 ea,
426 3554 456 3595 ut
473 3544 540 3595 (lunt
560 3545 712 3608 videbatur,
732 3543 832 3611 omisit,
850 3546 899 3595 sed
913 3547 990 3595 recte
1003 3544 1200 3606 interpretatus

145 3623 191 3671 est
206 3608 514 3687 στρατοπεδευσάμενος.

179 3734 294 3799 postero
306 3731 362 3791 oie]
381 3727 524 3792 postridie
537 3729 588 3778 ox.
604 3729 652 3780 cu.
667 3729 742 3779 beiti.
756 3731 789 3788 A,
806 3729 877 3779 liar.
890 3730 924 3777 Α.
939 3729 1020 3779 Vini.
1037 3732 1071 3777 A·
1086 3730 1198 3786 Almab.

143 3804 194 3855 iir-
202 3804 248 3856 ab.
258 3803 302 3852 st.
310 3816 333 3863 p.
347 3803 419 3851 Mau·
434 3800 512 3848 anr.
525 3798 603 3861 blps.
618 3798 783 3862 qoocaesar
794 3799 822 3848 iu
832 3798 932 3850 comm.
945 3799 980 3848 lle
993 3799 1019 3847 b.
1030 3799 1064 3848 G.
1077 3811 1129 3849 oon
1143 3799 1200 3851 uti-

144 3869 374 4005 ffinlizisfflito
392 3868 454 3921 eius
472 3867 546 3918 diei:
568 3867 630 3922 (liv.
649 3869 682 3932 1,
699 3870 734 3920 67
755 3867 781 3928 S.
801 3869 826 3920 5.
845 3870 872 3935 3,
891 3869 910 3916 6
927 3865 954 3929 S.
973 3871 1000 3921 3.
1019 3865 1054 3919 41
1073 3867 1100 3929 S.
1117 3871 1132 3917 1
1151 3883 1200 3921 sc·

181 4056 209 4119 8.
226 4062 244 4110 3
262 4054 476 4120 impedimentis]
493 4052 582 4118 copiis
600 4054 684 4116 bong.
703 4044 734 4103 C.
752 4044 784 4100 Iu
802 4051 850 4104 Dr.
868 4052 899 4100 Β.
920 4042 1005 4102 verba
1022 4050 1091 4105 inser
1108 4052 1198 4115 impe.

147 4127 286 4179 dimentis
304 4134 333 4177 et
351 4124 516 4176 cohortibus
533 4124 677 4173 interiecta
693 4120 861 4188 exciderunt,
882 4121 911 4173 in
928 4121 1011 4177 vino.
1029 4125 1062 4175 A.
1078 4122 1198 4187 irrepent-

144 4197 252 4252 meotis
270 4199 333 4261 post
350 4198 385 4251 ot
402 4193 596 4251 consueverat
612 4190 730 4259 positum
749 4192 801 4242 est.

181 4284 221 4337 11.
949 4255 994 4323 28
