2700 4726
398 283 502 356 con.
530 229 611 353 vu.
661 283 780 356 cnr.
804 290 848 358 es
1122 295 1189 362 ree
1280 253 1284 268 “

98 473 165 538 bus
185 471 388 559 interruptis
410 473 483 538 eius
505 474 652 540 fluminis
673 475 832 562 pontibus
855 478 897 542 ab
918 479 1023 543 altero
1041 478 1187 546 fluminis

97 567 200 649 parte
220 562 288 625 iter
311 563 421 625 tacere
439 564 562 648 eoepit.
604 565 658 629 35.
682 561 766 630 Cum
788 573 929 651 uterque
945 569 1080 653 uirique
1095 575 1188 634 esset

95 647 270 715 exereitus
299 647 332 712 in
361 657 544 736 conspectu
573 650 709 734 foreque
730 673 749 714 c
771 653 908 735 regione
929 658 1051 719 castris
1073 664 1185 721 eastra

94 743 259 824 poneret,
285 733 464 825 dispositis
485 737 776 824 exploratoribus,
803 741 923 805 necubi
944 741 1063 808 effecto
1085 752 1185 831 ponte

166 943 231 1005 §.3
256 940 377 993 fluminis
394 941 487 1009 parte]
514 956 542 1006 p.
564 945 696 1014 pl.,vlnd.
716 945 759 996 cl.
780 943 821 995 Ol.
840 945 1028 1009 mittereris
1045 949 1129 1001 Vind.
1149 946 1184 1000 A.
1267 978 1273 982 -

131 1013 272 1066 Eluoeris
296 1025 325 1076 p.
352 1013 422 1061 And.
448 1014 499 1063 (ix.
521 1013 572 1062 Cu.
596 1017 623 1063 S.
648 1015 726 1064 held.
746 1017 778 1065 A.
799 1016 864 1065 Par.
881 1016 912 1064 Β.
933 1017 1005 1066 llav.
1021 1019 1055 1066 A.
1072 1020 1135 1068 Ald.
1154 1022 1184 1068 et

131 1098 194 1146 sqq.
219 1085 318 1146 praete
336 1115 339 1121 .
358 1076 400 1129 (ΣΙ.
418 1080 449 1130 In
469 1082 541 1133 Ven.
563 1084 604 1132 de.
624 1086 755 1147 pontibus
772 1083 807 1134 ab
822 1085 921 1135 altero
936 1087 1062 1150 (luminis
1080 1087 1184 1138 omissa

132 1155 207 1203 sunt.
245 1153 298 1212 Qui
317 1095 484 1200 &rietatem
506 1153 629 1202 codicum
649 1156 683 1203 ab
700 1153 916 1214 interpolatione
932 1157 1042 1220 natam,
1073 1158 1182 1207 ascri-

130 1227 212 1286 ptore
231 1223 338 1270 tantum
354 1218 390 1271 ab
406 1223 504 1271 alteru
521 1225 607 1283 purte
620 1223 739 1284 positum
753 1223 933 1290 arbitrantur,
949 1236 1005 1275 non
1018 1227 1108 1279 solum
1121 1227 1183 1277 eins

130 1293 257 1344 codicum
273 1291 396 1354 generis,
415 1273 485 1352 quod
502 1291 628 1355 [luminis
646 1293 766 1355 exhibet,
783 1293 902 1342 indolem
920 1295 1116 1348 adversantem
1130 1298 1182 1346 ba·
1222 1334 1225 1339 .

131 1364 216 1424 bere,
245 1363 295 1409 sed
318 1361 402 1410 etiam
423 1363 520 1409 contre
537 1359 669 1411 Caesaris
689 1362 828 1411 scribendi
845 1364 1070 1415 consuetudinem
1087 1370 1184 1419 fecere

131 1430 280 1493 ridentur,
307 1430 341 1478 do
358 1441 412 1490 que
430 1429 466 1480 ol'.
485 1431 548 1479 adn.
568 1431 604 1480 ed
623 1428 658 1495 4,
675 1433 710 1480 29
728 1430 756 1492 S.
776 1429 794 1480 l
811 1433 839 1479 el
857 1434 941 1494 baec,
964 1446 1033 1495 quae
1050 1436 1086 1485 ib.
1104 1448 1129 1486 o.
1148 1433 1183 1488 15

131 1500 158 1562 s.
179 1504 196 1549 2
225 1501 373 1562 leguntur:
403 1499 508 1563 relique¹
526 1512 557 1549 se
575 1501 605 1548 in
624 1500 729 1563 fluertem
744 1501 1018 1563 praecipitaverunt
1036 1508 1123 1569 utque
1143 1504 1183 1556 toi

128 1569 248 1631 tunore,
266 1568 452 1631 lassitudine,
469 1568 500 1618 oi
515 1567 642 1632 flurrliuo's
661 1568 790 1632 oppressi
806 1571 969 1631 perierunt.
1004 1574 1084 1624 Hunc
1102 1575 1182 1636 equi-

76 1652 81 1659 ·
128 1640 191 1689 dem
204 1638 295 1701 magis
309 1638 472 1688 crediderim
487 1636 520 1687 ut
531 1638 628 1688 alteru
638 1638 761 1702 flurroiuis
775 1638 912 1690 Eloueris
921 1643 1010 1703 purte
1022 1644 1182 1710 scripsisse,

130 1720 248 1771 quorum
262 1709 409 1770 utriusque
431 1706 604 1757 recensionis
624 1710 721 1757 auctor
741 1706 814 1757 alins
832 1709 908 1759 alind
926 1713 1065 1774 tamquam
1083 1714 1183 1764 inutile

129 1777 287 1827 sustulerit.
324 1777 368 1833 ct,
387 1779 412 1839 1,
434 1776 466 1824 12
485 1778 513 1838 S.
532 1779 564 1824 2:
588 1776 636 1824 ult
651 1789 706 1837 per
723 1778 926 1839 ecprlorutores
945 1778 1053 1832 Caesar
1070 1785 1185 1835 certior

129 1849 231 1915 fuctus
259 1848 303 1896 est
327 1848 390 1896 tres
414 1845 472 1895 ium
489 1847 592 1907 portes
607 1845 761 1907 ,copiarum
780 1847 927 1897 Helvetios
945 1850 976 1898 id
994 1852 1100 1914 flurueu
1117 1855 1182 1904 tru-

127 1917 266 1981 ducisse,
299 1918 436 1980 quartoue
467 1925 539 1965 uero
568 1916 686 1979 purtem
718 1915 796 1965 citro
827 1916 935 1979 fiurueu
960 1919 1081 1972 Ararim
1115 1923 1185 1975 reli·

126 1999 214 2053 quam
233 1997 303 2035 esse.

162 2054 231 2116 cap.
248 2054 291 2102 35.
310 2051 335 2112 §.
355 2054 370 2100 1
390 2052 520 2111 uterque]
545 2062 598 2100 om.
617 2050 666 2099 Dr.
684 2051 718 2098 A.
738 2049 821 2101 Vind.
842 2053 870 2100 ll.

162 2121 287 2189 utrique]
305 2121 374 2170 Arld.
393 2122 445 2170 Ox.
465 2120 513 2170 Gn.
532 2121 560 2168 S.
578 2120 657 2169 Leid.
676 2116 708 2167 A.
728 2120 798 2171 Har.
815 2123 848 2170 A.
871 2121 950 2172 Vind.
966 2123 1013 2173 AI.
1033 2126 1107 2178 ven.
1124 2127 1184 2179 cde,

130 2194 196 2244 Ald.
216 2206 276 2254 sqq.
295 2190 434 2255 utrinque
453 2191 500 2237 vel
519 2189 668 2252 utrimque
684 2190 795 2250 reliqui.

164 2262 255 2322 esset]
280 2261 380 2325 iidem,
397 2259 444 2321 qui
461 2259 589 2324 utrique,
609 2259 735 2320 exceptis
756 2259 836 2309 Vind.
856 2259 879 2308 1.
897 2258 968 2309 Veu.
987 2260 1046 2310 cde.
1067 2265 1184 2316 suesset

127 2333 193 2383 Per.
211 2335 244 2381 A.
264 2329 373 2381 emisset
391 2328 500 2390 reliqui.
754 2338 765 2347 ··
1131 2364 1134 2369 .

163 2399 317 2459 exereitus]
350 2399 497 2449 euerritur·
516 2393 578 2445 Per.
598 2396 629 2444 B.
650 2396 720 2445 llav.
740 2398 774 2445 A.
794 2394 879 2446 Vind.
896 2397 929 2444 A.
953 2396 1039 2449 vaso.
1058 2397 1091 2449 Ρ.
1108 2400 1181 2452 Mau.

128 2471 179 2522 Gr.
199 2472 224 2520 b.
243 2466 360 2534 (uren.)
378 2469 457 2517 Turr.
479 2467 541 2518 Ald.
563 2467 587 2515 b.
606 2465 771 2517 euerritum
789 2467 868 2517 held.
887 2467 921 2514 A.

163 2541 193 2589 in
211 2538 376 2601 conspectu]
395 2539 563 2600 conspectus
580 2536 657 2584 Leid.
676 2538 710 2585 A.
791 2536 793 2543 '

163 2608 294 2675 fereque]
312 2608 378 2674 fere
398 2607 467 2655 bor.
486 2607 581 2654 drani.
595 2606 691 2654 llamb.
711 2604 793 2654 Vind.
808 2603 842 2653 A.
858 2613 1004 2669 peraeque
1021 2606 1093 2658 Ven.
1107 2609 1182 2660 bodo.

164 2692 181 2729 e
198 2675 327 2743 regione]
347 2675 486 2740 eriqioue
500 2675 585 2724 Voss.
599 2676 634 2726 Δ,
649 2675 732 2727 uabr.
748 2687 763 2724 e
778 2684 804 2722 r.
823 2673 1069 2738 Verciupeutorim
1081 2679 1184 2729 vemt.

165 2748 282 2806 castris]
314 2747 482 2796 castrorum
500 2744 570 2792 Med.
590 2753 616 2792 e.
634 2744 705 2792 Ven.
727 2743 803 2794 bede·
822 2753 874 2791 om.
895 2744 964 2793 Lov.
984 2745 1067 2797 Febr.
1085 2746 1182 2801 lirant.

128 2815 190 2867 rar.
210 2816 292 2867 Vrat.
310 2813 342 2864 G.
359 2815 440 2864 eota.
459 2815 489 2861 B.
508 2812 592 2864 Vind.
608 2812 641 2860 Ε.
659 2813 757 2861 liamb.
773 2813 841 2862 0nd.
860 2815 886 2862 2.
980 2823 983 2831 ·

164 2888 294 2949 poneret]
312 2884 403 2946 iidem,
421 2883 467 2944 qui
486 2883 570 2943 esset,
591 2884 707 2942 excepto
725 2880 803 2930 [reid.
817 2881 849 2929 A.
868 2881 962 2942 inquo
975 2883 1184 2946 estpouereut.

125 2956 252 3022 ponebat
275 2956 346 3005 Ven.
375 2954 448 3003 odei.
469 2949 613 3016 ponebant
639 2950 748 3012 reliqui.
790 2949 824 2998 In
850 2949 970 2999 lectione
995 2956 1061 3003 ante
1082 2955 1182 3006 Alduln

128 3028 249 3090 vulgatu
271 3022 394 3089 protasis
421 3023 465 3073 est
488 3032 554 3071 curu
577 3020 701 3085 uterque
725 3018 864 3084 utrinque
887 3021 997 3072 emisset
1021 3025 1182 3092 euerritur,

147 3190 217 3258 Cep.
242 3195 286 3249 35.
312 3197 340 3259 s.
367 3199 381 3247 1
413 3195 479 3245 cnm
504 3195 617 3256 uterque
709 3189 849 3253 dispositis
868 3192 1098 3255 exploratoribus]
1122 3196 1181 3249 Hoc

92 3269 171 3317 essct
187 3267 327 3317 exercitus
342 3265 368 3315 iu
383 3266 542 3325 conspecto]
561 3261 618 3311 sci·
659 3258 764 3311 initium
781 3269 825 3310 est
838 3261 972 3322 apodosis.

93 3336 162 3387 lieet
179 3338 258 3386 nulla
277 3336 375 3385 renisi
394 3333 502 3385 flumine
518 3326 618 3383 direm·
712 3329 822 3390 nec'ubi]
853 3333 890 3380 Ut
912 3330 1016 3381 alicubi
1035 3333 1182 3385 secundun

92 3407 171 3471 ptus,
189 3406 216 3454 id
234 3408 303 3469 quod
317 3406 437 3466 proxime
450 3405 620 3465 praeceden—
661 3406 770 3448 veteres
799 3401 991 3461 grammaticos
1017 3401 1052 3450 ab
1076 3402 1183 3456 llandio

93 3474 136 3526 tta
152 3475 241 3524 verbe
253 3475 418 3538 significant,
438 3474 515 3523 cuius
529 3470 618 3522 dumi·
661 3469 741 3519 Tura.
762 3470 795 3531 1,
812 3470 865 3518 230
881 3469 1015 3518 indicatos
1032 3481 1067 3518 ex
1085 3472 1183 3536 ulique

92 3543 138 3593 nis
156 3542 234 3605 ripae
252 3545 348 3605 plenas
366 3547 395 3592 et
412 3552 541 3606 apertas,
567 3541 619 3590 sil·
662 3546 689 3586 et
704 3537 750 3587 ube·
768 3537 942 3598 compositum
961 3537 1056 3600 aliquo
1073 3538 1106 3590 iu
1120 3543 1182 3593 loco

92 3622 216 3663 vesorem
240 3617 330 3663 autem
352 3613 459 3676 locum,
490 3613 536 3674 qni
554 3611 618 3672 §.2
661 3607 816 3672 significat,
845 3607 885 3657 ila
913 3606 1183 3677 necubisecundurn

92 3681 214 3747 dieitur,
250 3682 419 3732 remotiorem
457 3691 475 3730 a
510 3680 618 3730 ilnmine
661 3677 824 3738 scriptorum
841 3689 919 3732 nsum
932 3677 966 3725 ab
980 3678 1073 3727 eodem
1086 3683 1112 3744 3,
1130 3678 1183 3733 140

91 3751 182 3802 tutem
200 3760 409 3801 correerituneum
428 3758 479 3803 est.
661 3749 839 3796 monstratum
855 3757 890 3795 ue
909 3759 963 3810 quo
976 3745 1007 3796 in
1018 3749 1080 3797 loeo
1094 3749 1182 3812 sigul-

146 3821 261 3882 fereque
284 3834 299 3869 e
318 3821 430 3881 regione
448 3817 550 3869 castris
568 3828 618 3867 oa·
661 3817 748 3866 ficans
772 3829 807 3864 ex
824 3828 860 3866 ue
877 3818 904 3865 et
924 3828 978 3880 quo
995 3817 1023 3865 et
1039 3816 1087 3867 ubi
1104 3830 1181 3871 coor-

93 3889 155 3940 etra
179 3891 307 3951 poneret]
339 3891 398 3939 Hoc
421 3888 476 3936 iam
505 3900 556 3936 nou
584 3900 619 3936 ex
660 3885 777 3946 positum
794 3898 873 3950 esse,
900 3885 969 3933 etsi
993 3897 1029 3936 ue
1049 3901 1120 3954 quo,
1144 3902 1181 3941 ue

92 3959 321 4021 praecedentibus
354 3957 494 4023 sequitur,
527 3959 575 4005 sed
600 3969 619 4008 a
661 3956 724 4020 quis
744 3955 846 4002 rectius
864 3955 1008 4021 scribitur,
1031 3969 1111 4018 quam
1128 3971 1180 4009 ue.

93 4026 230 4091 scriptore
256 4028 297 4078 ita
319 4029 420 4077 lactum
439 4035 503 4076 csse
520 4037 617 4076 narro·
662 4036 727 4089 quo,
745 4024 856 4088 nequis,
874 4024 977 4073 rectius
985 4028 1088 4075 necubi
1096 4027 1180 4077 scribi

92 4103 148 4163 tur,
168 4096 214 4158 qui
232 4105 325 4149 eutem
344 4099 445 4150 fectum
466 4097 519 4160 sit,
535 4094 618 4147 iacile
647 4095 777 4154 uidetur,
785 4093 1006 4154 quemadmodum
1015 4097 1098 4146 tacite
1107 4095 1179 4146 scri·

90 4165 248 4220 coniicitur.
660 4162 714 4224 psit
732 4162 918 4226 Nipperdeias.
953 4157 986 4213 In
1004 4167 1099 4216 eadem
1114 4177 1179 4214 seu.
