2700 4726
122 315 126 321 ’
195 294 264 363 aon
450 290 523 361 or
551 243 733 360 ortuo
766 288 1022 362 onnnrco

155 481 285 558 diecto
308 501 347 546 ex
376 478 532 548 omnibus
556 480 665 570 copiis
688 481 722 546 in
745 478 905 569 oppidum
926 478 1190 562 submittantur,
1222 499 1283 545 nec

197 569 282 636 solis
300 567 514 655 Biturigibus
535 586 741 635 communem
759 570 902 635 sulutem
917 565 1191 634 committendam
1206 588 1284 633 cen-

269 761 331 823 Μ
357 757 457 823 copiis]
483 760 553 811 And.
573 759 626 811 ox.
643 756 692 810 Cu.
711 760 739 810 S.
763 755 842 810 Leid.
860 760 894 809 Α.
913 758 986 809 liar.
1008 758 1040 808 ll.
1059 755 1145 809 Viud.
1163 760 1197 809 Α.
1218 758 1297 810 Ald„

234 843 297 894 sqq.
317 830 389 882 locis
407 828 508 892 reliqui
525 832 554 879 et
571 829 631 878 edd.
650 836 715 879 aule
731 829 794 878 Alo.
813 829 885 893 quod
902 830 938 879 ad
950 828 1062 880 detecto
1079 828 1187 890 pariter
1201 834 1285 895 atquc

234 902 272 951 ad
290 899 498 951 submittantur
520 899 583 959 (vel
601 897 777 959 ntittoutor)
790 896 917 960 'ineptum
934 900 987 949 est.
1021 897 1095 949 Idem
1115 897 1146 948 in
1163 910 1216 950 suo
1234 912 1287 951 oo-

234 970 296 1020 dicc
320 970 391 1034 legit
409 971 561 1025 l‘etrarcba
585 969 613 1017 et
637 969 668 1016 ut
686 967 791 1035 potuit,
810 966 958 1019 tolerabile
974 967 1093 1018 reddere
1110 968 1217 1019 studuit
1234 972 1287 1027 buc
1314 977 1322 994 ·

234 1039 434 1090 conversione:
467 1037 563 1088 decem
588 1036 668 1086 mettin
692 1050 731 1087 em
756 1037 835 1087 ononi
851 1034 946 1088 Gallio
962 1039 1122 1088 electorum
1141 1037 1288 1107 bontionem

234 1109 338 1172 oppido
361 1108 548 1158 intruserant
570 1118 604 1157 eo
629 1105 769 1170 consitio,
799 1118 836 1158 ue
859 1108 907 1158 oet
923 1107 993 1157 solie
1010 1106 1190 1174 Biturlptbue
1207 1110 1288 1159 εαινα

232 1177 346 1242 publiea
364 1177 558 1238 crederetur,
576 1175 624 1225 oet
638 1174 753 1227 servati
769 1174 868 1240 oppidi
883 1176 979 1242 pluria
995 1177 1125 1227 solorum
1141 1179 1220 1231 esset
1236 1178 1289 1229 Bi·

136 1282 140 1287 ,
187 1278 189 1283 -
233 1247 376 1313 turipum,
392 1247 443 1297 sed
460 1244 760 1309 Gallorumomniurn.
797 1245 869 1295 urst.
890 1244 933 1306 16,
951 1242 996 1296 ct.

267 1314 476 1375 submittantur]
494 1314 585 1377 iidem,
603 1313 652 1375 qni
668 1313 758 1375 copiis
771 1311 888 1377 (sumna
903 1315 964 1363 Ald.
976 1325 1003 1364 a.
1018 1313 1068 1365 Gr.
1083 1314 1127 1365 ab.
1141 1316 1182 1366 st.
1198 1315 1288 1366 b'rell.

233 1385 348 1446 Turn:
377 1385 539 1435 mittuntur
564 1383 650 1432 Voss.
671 1378 704 1431 A.
730 1382 814 1433 Febr.
839 1384 999 1434 mittantur
1022 1385 1126 1446 reliqui
1144 1398 1205 1436 cum
1219 1385 1286 1435 edd.

202 1484 206 1493 ι
232 1458 299 1505 crite
317 1453 378 1504 Α1ι1.
414 1453 466 1514 Qui
483 1450 562 1502 mitti
578 1450 672 1514 aliquo
687 1450 827 1515 dicuntur,
843 1452 936 1503 litere
949 1451 1108 1517 cogitantur
1120 1459 1289 1516 praesentes

233 1525 334 1573 adesse
360 1522 415 1587 ibi,
448 1534 501 1584 quo
519 1521 680 1585 mittuntur,
710 1521 829 1587 debere,
859 1521 925 1583 quid
942 1522 985 1572 eie
1002 1525 1139 1587 agendum
1157 1524 1211 1590 elt,
1240 1525 1290 1575 rel

233 1593 329 1643 addito
361 1591 472 1643 nomine
503 1593 551 1641 vel
581 1591 639 1663 alio
669 1590 749 1641 modo
779 1591 1001 1654 demonstratur;
1031 1594 1104 1655 quod
1127 1607 1190 1644 cum
1214 1596 1241 1645 1ι.
1269 1595 1290 1644 l.

233 1664 339 1713 iactum
370 1674 427 1712 non
456 1658 509 1722 sit,
548 1661 579 1711 in
603 1657 732 1721 oppidum
759 1659 825 1710 llloe
857 1660 936 1710 mitti
965 1660 1111 1712 audientes
1143 1662 1290 1714 desidere-

232 1743 294 1781 mus
325 1729 448 1794 aliquid,
480 1730 551 1792 quod
584 1730 699 1792 praebet
732 1729 951 1781 submittuntur.
996 1731 1028 1781 ld
1057 1744 1126 1784 vero
1158 1744 1215 1785 non
1246 1735 1290 1783 est

233 1801 306 1864 quod
325 1800 424 1864 magis,
442 1811 524 1862 quoru
537 1799 637 1864 copiis,
655 1809 706 1859 pro
719 1795 888 1861 interpolato
903 1800 1062 1851 babeamus.
1103 1845 1108 1864 ,

268 1868 295 1929 S.
314 1873 332 1919 3
349 1882 435 1931 penes
453 1871 516 1928 eos]
535 1882 640 1930 poenes
657 1879 707 1917 eos
724 1869 796 1921 bled.
811 1880 838 1919 e.
855 1881 947 1930 poene
965 1869 996 1919 iu
1015 1883 1047 1921 eo
1065 1867 1135 1919 llud.
1154 1870 1207 1921 οι.
1224 1869 1290 1920 illd

232 1939 278 1989 ab.
302 1940 352 1989 llr.
374 1950 401 1989 a.
420 1940 453 1987 St
486 1939 516 1988 Ρ.
534 1940 609 1988 Mau.
629 1938 708 1986 'turn
726 1936 804 1999 Lips.
822 1938 864 1989 cl.
884 1940 913 1987 et
930 1949 980 2000 pro
997 1950 1024 1986 v.
1046 1941 1067 1990 l.
1084 1950 1183 2003 margo
1202 1938 1290 1988 lirell.

233 2021 304 2070 quoe
323 2008 353 2059 iu
369 2007 468 2060 ordine
487 2009 638 2057 verborum
655 2018 709 2057 non
726 2008 827 2072 aliter,
849 2019 929 2070 quarn
947 2008 997 2057 dr.
1017 2009 1043 2058 b.
1063 2011 1092 2057 et
1110 2012 1184 2058 teste
1198 2009 1291 2073 Bran·

233 2077 273 2127 tio
294 2072 395 2140 Vsum,
414 2079 497 2127 babet
514 2086 686 2141 penes'eos,
703 2077 735 2124 ut
753 2077 821 2143 oud,
839 2088 930 2138 paene
950 2077 981 2126 ln
998 2089 1032 2127 eo
1049 2091 1086 2127 ex
1104 2078 1192 2130 vaso.
1212 2079 1291 2128 rete·

231 2159 299 2198 rens
317 2147 399 2197 nulus
418 2148 568 2212 marginem
586 2144 746 2209 significare
765 2145 892 2196 voluisse
909 2145 1049 2197 videntur.
1065 2142 1137 2212 pred
1155 2141 1185 2197 dl
1201 2143 1291 2197 redeo

231 2209 342 2282 μυρίους
367 2211 525 2270 ἐπιλέκτους
550 2209 650 2279 ἄνδρας
670 2205 707 2266 εἷς
722 2207 774 2280 τήν
789 2208 874 2264 πόλιν
890 2210 1013 2280 πέμπειν
1028 2209 1218 2281 ἐψηφίσαντο,
1235 2208 1293 2278 ped-

232 2300 290 2337 νοις
314 2279 346 2335 ου’
368 2279 426 2334 δεῖν
444 2281 502 2337 τοῖς
518 2278 659 2347 Βιτοῦριξι
681 2277 733 2345 τήν
750 2276 866 2333 πάντων
885 2279 963 2350 σφῶν
980 2283 1119 2350 σωτηρίαν
1134 2279 1292 2351 ἐγχειρίζειν

223 2349 366 2417 ’λέγοντες
387 2348 418 2402 ἐν
435 2347 523 2416 τούτῳ
544 2347 595 2417 γοίρ
615 2343 722 2415 σχεδόν,
746 2345 773 2399 et’
791 2345 896 2416 verisne
915 2347 1114 2418 διαφυλάξειαν
1129 2350 1181 2417 τήν
1198 2347 1292 2409 πόλιν,

233 2418 286 2484 τὴν
302 2422 382 2484 νίκην
398 2417 493 2470 πᾶσαν
508 2420 628 2471 κεῖσθαι.
662 2418 730 2465 Met.
747 2416 795 2479 qui
815 2420 896 2480 plane
916 2426 1063 2471 ”secutus
1081 2421 1194 2472 ridetur
1210 2434 1293 2472 meu-

234 2492 292 2539 tem
308 2489 387 2549 eius,
406 2490 452 2538 oui
469 2489 572 2539 Aldina
587 2485 729 2548 scriptura
748 2489 865 2550 accepto
883 2491 927 2539 cst
944 2491 1102 2541 referenda.
1139 2490 1293 2543 Caesarem

234 2569 315 2620 vero,
334 2558 360 2607 si
377 2557 450 2607 idern
469 2556 499 2607 in
515 2564 607 2606 mente
624 2555 784 2618 habuisset,
807 2569 862 2608 nou
873 2568 1057 2621 ‚communem
1072 2561 1214 2627 satutem,
1239 2562 1293 2611 sed
1315 2590 1319 2597 .

135 2652 145 2675 l
235 2627 435 2691 defensionem
452 2625 558 2692 oppidi,
576 2637 665 2687 neque
684 2625 895 2692 totetlopetont,
911 2627 962 2677 sed
975 2629 1199 2680 arbitrabantur
1215 2630 1292 2680 scri-

236 2699 347 2758 pturum
371 2697 462 2748 fuisse
485 2697 701 2747 consentaneum
725 2697 777 2746 est.
813 2700 838 2746 Α
858 2698 995 2749 communi
1015 2699 1089 2748 cuim
1108 2700 1201 2750 salute
1221 2701 1293 2750 solis

236 2765 408 2830 Biturigibus
432 2764 627 2817 committenda
651 2764 787 2815 deterreri
813 2766 888 2818 (lulli
911 2781 967 2818 non
985 2780 1019 2818 eo
1039 2770 1185 2831 poteraut,
1217 2771 1292 2831 quod

233 2831 286 2884 illu
302 2837 380 2892 solus
399 2838 475 2886 esset
492 2835 522 2885 in
542 2838 595 2885 bac
613 2834 660 2884 vel
676 2833 727 2883 illa
744 2847 776 2884 ra
795 2836 896 2901 posita,
913 2839 964 2887 sed
982 2838 1055 2899 quod
1072 2839 1121 2888 aut
1140 2839 1195 2890 soli
1208 2840 1293 2889 Bitu-

232 2903 311 2961 οἰκον
329 2904 364 2954 ad
382 2916 443 2955 eam
463 2905 591 2954 tuendam
608 2915 663 2953 non
680 2903 996 2971 suilloererlderentur,
1015 2914 1063 2958 aut
1075 2908 1101 2957 si
1115 2907 1292 2977 sufficerent,

233 2971 293 3020 alia
312 2972 483 3024 incommoda
498 2978 632 3024 secuturo
647 2975 751 3036 essent,
772 2974 871 3038 quibus
891 2977 967 3027 Gelli
985 2978 1185 3028 occurrendum
1205 2982 1292 3042 pute-

231 3044 305 3090 rent.
348 3042 391 3093 Ao
404 3044 439 3093 vsi
465 3043 640 3093 intellexisse
664 3055 713 3093 eos
732 3042 840 3095 caesor
859 3045 979 3095 dixisset
997 3059 1132 3098 summam
1152 3049 1292 3100 victoriae

231 3122 322 3174 paene
340 3111 369 3162 in
388 3124 421 3163 eo
441 3108 588 3178 constare,
606 3110 632 3162 si
651 3113 802 3165 Avaricum
818 3114 1020 3182 retlnuisseut,
1039 3112 1100 3181 ips'e
1118 3129 1178 3169 rem
1193 3119 1236 3169 ito
1256 3134 1290 3171 se

195 3281 240 3333 nis
271 3284 419 3335 membrum
456 3280 537 3348 idque
564 3279 723 3346 bipertitum
765 3278 1293 3354 (o208.11)quaeqoevercioge-

195 3350 327 3415 incipiat,
347 3359 378 3403 nt
397 3367 422 3403 c.
442 3352 478 3406 85
496 3354 524 3424 ς.
541 3353 576 3403 6:
607 3363 722 3419 opper-
763 3351 999 3414 torinisextrema
1016 3358 1106 3409 oratio
1120 3357 1162 3408 eie
1174 3367 1291 3417 persna-

195 3422 344 3489 couteptt5
361 3435 414 3474 uec
431 3424 490 3474 lom
508 3435 593 3474 ormo
610 3421 722 3474 nostrie
764 3424 852 3487 seret,
865 3422 974 3473 minime
987 3426 1135 3478 mirandum
1145 3431 1203 3478 cst.
1230 3429 1291 3480 lta-

195 3503 250 3542 nec
272 3491 353 3543 vires
378 3495 545 3557 suppetunt.
580 3493 639 3541 lloo
657 3501 721 3554 pro·
763 3504 815 3554 que
832 3500 910 3542 recte
926 3493 1045 3558 scriptor
1058 3508 1106 3547 eos
1120 3495 1163 3546 his
1178 3498 1292 3557 potissi-

195 3561 383 3626 molliusest,
402 3576 436 3610 nc
454 3563 538 3612 tertia
554 3574 620 3624 pars
633 3574 721 3610 euun-
763 3575 835 3612 mom
857 3563 953 3613 vorbis
977 3567 1005 3615 in
1024 3567 1162 3616 densendo
1180 3572 1292 3621 utentes

196 3628 258 3679 tiati
282 3631 364 3679 exilis
388 3631 425 3681 sit
452 3634 579 3692 repetitio
605 3632 720 3698 primae,
763 3631 832 3680 tacit
848 3631 930 3695 idque
946 3645 979 3686 eo
997 3634 1102 3697 magis,
1132 3638 1206 3696 qood
1222 3639 1292 3690 llaec

196 3706 225 3746 cc
250 3708 279 3747 uc
297 3712 331 3747 ne
352 3700 397 3748 vis
417 3701 519 3760 primae
539 3701 719 3750 imminuetur.
765 3702 852 3750 rerba
875 3702 931 3752 iam
954 3717 1004 3765 per
1026 3717 1058 3753 se
1082 3717 1195 3755 causam
1219 3709 1292 3759 satis

196 3763 237 3816 Ad
253 3769 304 3817 boc
317 3768 400 3830 igitur
412 3769 653 3832 interpunctionem
669 3782 720 3819 uo·
762 3782 888 3835 gravem,
905 3784 955 3820 cur
972 3774 1012 3823 ita
1026 3784 1184 3840 censerent,
1199 3778 1293 3828 couti-

195 3839 372 3887 oommodavi.
585 3880 594 3895 ,.
624 3850 630 3879 ι
762 3844 839 3890 nent.
870 3842 1025 3891 communis
1045 3843 1118 3893 enim
1140 3847 1218 3894 salus
1231 3847 1293 3898 sci-

762 3909 829 3960 licet
847 3911 882 3960 ab
899 3911 1022 3960 omnibus
1040 3915 1149 3978 tuendo,
1168 3926 1221 3966 uon
1241 3929 1290 3967 so-

246 3974 719 4038 S·dcollllilullemsaiutelll]qllalll
763 3979 799 4027 lis
830 3980 966 4042 aliquibus
998 3983 1191 4033 committenda
1216 3988 1289 4038 erat.

193 4043 298 4105 quidem
319 4045 413 4094 Gallos
434 4045 463 4095 in
482 4048 621 4096 retinendo
639 4051 717 4095 Ava-
762 4050 918 4099 Accedebat
936 4063 1004 4100 rero
1022 4053 1078 4101 alia
1093 4065 1191 4118 causa,
1207 4068 1291 4120 quam

192 4112 251 4163 rico
270 4114 385 4174 positum
406 4118 548 4174 putavisse
571 4118 717 4165 seeundum
762 4132 814 4168 sco
832 4118 939 4169 nomine
957 4121 1077 4182 scriptor
1094 4124 1226 4188 deinceps
1238 4139 1291 4179 ex-

191 4192 244 4249 ea,
268 4194 339 4248 queo
359 4198 392 4234 er
412 4186 534 4248 consiliis
554 4185 718 4239 audiverant
762 4186 848 4253 ponit,
868 4190 899 4240 ut
917 4188 945 4240 in
963 4191 1025 4241 adu.
1044 4204 1084 4243 or.
1103 4193 1194 4257 docui.
