2700 4726
316 242 317 247 '
426 272 856 352 LIB.V11.cAP.3
968 244 1203 385 seer

110 456 264 550 equiturn
283 459 488 545 Romanurn,
511 465 570 553 qui
590 466 641 533 rei
662 467 903 537 frumentariae
926 468 1025 538 iussu
1040 466 1201 542 Caesaris

112 556 293 638 praeerat,
317 551 524 618 interficiunt
543 554 694 643 bonaque
714 579 829 623 eorum
851 558 1029 645 diripiunt.
1071 556 1246 631 Celeri-2

112 651 169 704 ter
196 637 241 703 ad
273 659 387 704 ornnes
416 639 550 706 Galliae
580 643 733 709 civitates
764 647 852 711 fama
879 647 1061 735 perfertur.
1110 643 1201 713 Nam

112 725 174 791 ubi
200 747 289 812 quae
312 728 420 791 maior
440 737 540 814 atque
556 729 735 797 inlustrior
752 733 961 814 inciditres‚
982 735 1127 801 clamore
1141 754 1203 823 per

114 833 217 899 egros
248 814 471 902 regionesque
494 816 705 901 significant3
736 820 823 888 hunc
849 821 909 887 alii
933 821 1091 911 deinceps
1113 820 1205 888 exci-

146 1000 204 1039 nou
228 987 360 1048 Cottam,
385 989 454 1052 quoe
481 991 610 1042 Aureliae
633 954 756 1055 familiae
780 1006 928 1058 cognomen
953 1003 1004 1048 esc.
1035 995 1101 1045 Vre.
1125 991 1204 1060 Not.)

145 1055 284 1120 „Brant.“
300 1059 374 1108 Gott.
394 1071 450 1109 sec.
468 1058 568 1109 Whict.
585 1058 680 1126 (Cito)
698 1064 761 1112 Par.
775 1065 809 1112 A.
829 1065 875 1114 Dr.
888 1066 922 1115 A.
938 1060 1088 1115 Vrat.'AB.
1106 1065 1204 1116 Harub.

146 1128 232 1178 vind.
249 1130 283 1177 A.
301 1135 328 1176 eu
345 1128 485 1189 adscripto
502 1131 541 1179 al.
559 1129 658 1180 Cotem
675 1132 704 1181 B.
725 1131 819 1183 Citam
834 1134 906 1183 Hau.
916 1130 951 1184 A.
968 1134 1097 1184 contram
1115 1135 1163 1185 Dr.
1171 1135 1202 1185 B.

147 1199 262 1247 coctum
278 1195 363 1247 vtae.
377 1195 408 1251 c.
433 1198 511 1246 Goth.
528 1198 739 1252 B.Vind.cF1.
761 1199 874 1252 Cottam
891 1202 972 1252 vind.
988 1204 1021 1252 Ι).
1038 1199 1125 1266 (Gn.)
1140 1203 1204 1254 edd.

147 1274 215 1316 ante
232 1267 301 1317 ond.
319 1265 400 1323 cita,
419 1265 473 1316 etsi
489 1266 555 1316 olibi
572 1280 626 1319 non
642 1271 786 1336 occurrat,
804 1278 894 1322 tamen
910 1281 1041 1333 provere
1054 1272 1205 1324 habendum

146 1338 176 1386 et
196 1338 408 1398 comparandum
426 1349 488 1399 cunr
506 1335 604 1390 Caeco.

180 1403 240 1465 qui]
258 1417 311 1454 om.
329 1404 410 1455 ⁷Vind.
429 1402 464 1455 A.

180 1472 394 1607 irqmpptaqiqe]
418 1476 442 1541 f.
460 1485 550 1526 causa
566 1471 650 1525 vinu.
665 1468 700 1524 A.
725 1474 796 1529 liar.
814 1476 850 1525 A.
873 1469 944 1526 And.
961 1473 1040 1528 Leid.
1056 1479 1090 1528 A.
1116 1473 1203 1545 (fur-

144 1553 212 1593 men
229 1580 235 1593 .
280 1557 321 1592 am
343 1579 350 1593 .
1148 1560 1150 1569 Α

180 1615 323 1674 praeeras]
345 1611 508 1676 praeerant
526 1609 603 1663 heiu.
622 1613 657 1666 A.
674 1611 757 1662 vind.
773 1614 809 1663 A.
829 1609 1005 1678 (praeheret
1021 1609 1136 1679 Hamb.)

142 1694 210 1815 TS·
225 1700 252 1750 2.
276 1695 383 1766 omnes]
409 1696 499 1748 omnis
524 1698 596 1750 Har.
614 1699 648 1749 A.
674 1700 755 1751 Vrat.
772 1699 806 1750 A.
838 1699 947 1751 omneis
968 1699 1031 1754 Ale.
1055 1711 1081 1750 a.
1105 1699 1155 1751 tir.
1176 1709 1203 1752 a.

168 1779 225 1823 urr.

178 1835 226 1885 ubi
243 1837 327 1898 quae]
351 1837 422 1892 Lor,
448 1835 625 1889 eTorrencio
646 1837 711 1887 coli.
730 1849 788 1888 sec.
812 1836 893 1889 Febr.
912 1832 1048 1904 ',‚ub2'que
1071 1836 1119 1886 vel
1139 1834 1201 1887 sot·

142 1915 267 1971 curaque
284 1906 362 1956 MSS.
378 1901 467 1968 qud.“
483 1907 584 1969 ubique
602 1907 675 1958 (iota.
692 1906 775 1956 Voss.
793 1908 828 1958 A.
846 1909 915 1956 Lov.
933 1907 1028 1957 Heius.
1048 1905 1128 1968 Bong.
1141 1904 1201 1960 AG.

142 1974 210 2025 Par·
228 1977 262 2027 A.
288 1975 360 2027 flav.
379 1979 413 2026 A.
444 1976 492 2025 Dr.
512 1978 541 2027 B.
566 1983 594 2024 ec
617 1987 636 2024 a
653 1988 688 2025 nr.
710 1988 751 2038 pr.
775 1977 809 2024 A.
830 1975 912 2042 vinei.
931 1976 1011 2024 Anu.
1041 1974 1203 2039 ubicunque

93 2046 96 2051 '
144 2045 224 2103 ligm-
250 2044 309 2094 Ort.
328 2043 376 2093 Dr.
396 2046 420 2093 A
448 2058 517 2093 am.
535 2056 558 2092 e.
580 2045 660 2094 Vrat.
680 2041 736 2093 AB.
755 2042 802 2092 ubi
818 2043 916 2105 reliqui
936 2056 996 2092 curn
1021 2044 1081 2092 edd.
1125 2045 1203 2104 0qu

144 2124 208 2163 cum
228 2126 277 2173 per
294 2123 326 2160 se
346 2110 415 2161 eatis
434 2113 531 2163 bonurn
549 2112 712 2163 auctoritate
729 2119 835 2177 careat,
853 2111 1010 2175 ubicunque
1027 2112 1118 2160 autern
1135 2111 1203 2162 aiibi

143 2180 174 2232 iu
191 2181 236 2231 iris
253 2180 454 2233 commentariis
471 2193 525 2231 non
544 2182 661 2244 legetur,
679 2190 708 2230 et
723 2180 852 2241 temporis
871 2179 1034 2243 significatio
1047 2180 1135 2239 aptior
1148 2182 1203 2244 hic,

146 2262 230 2315 quarn
251 2250 306 2299 loci
329 2248 383 2317 sit,
407 2249 502 2312 recepi
518 2249 563 2311 id,
586 2251 656 2314 quod
677 2249 706 2298 iu
727 2249 889 2311 optimorum
914 2249 1046 2298 librorum
1064 2249 1203 2311 scriptura

145 2319 240 2370 inesse
265 2319 419 2369 videbatur.
461 2319 567 2370 Caesar
591 2332 659 2370 sana
679 2320 742 2380 post
762 2317 788 2367 si
811 2331 911 2380 ponere
928 2318 998 2368 solet
1019 2320 1123 2382 quaet
1142 2320 1204 2379 post

144 2390 196 2440 aeti
220 2388 310 2451 posuit
336 2387 402 2452 qaee‘s
426 2389 459 2454 6,
478 2391 512 2440 23
538 2386 564 2447 S.
582 2389 608 2440 7.
644 2389 698 2438 fleu
722 2387 818 2438 Cicero
843 2389 924 2437 Tusc.
948 2385 1019 2448 s‚8
1043 2382 1084 2450 (S.
1101 2383 1151 2452 22)
1175 2385 1204 2438 εἰ

115 2516 120 2525 ,
145 2471 223 2525 quae
238 2471 312 2522 pers
332 2456 478 2518 scripsisse
499 2457 694 2509 existimandus
715 2459 774 2521 est,
802 2458 831 2506 et
848 2455 954 2506 Hirtius
973 2456 1006 2518 8,
1024 2453 1062 2504 24
1078 2453 1104 2515 8.
1123 2460 1140 2506 3
1166 2469 1204 2508 ne

146 2529 226 2594 quod
245 2525 338 2578 simite
355 2526 565 2579 incommodum
583 2526 710 2594 scripsit,
736 2536 805 2590 quae
823 2525 948 2577 ari-iilud
970 2525 1097 2576 tuendum
1122 2525 1204 2577 suifi-

143 2609 212 2649 cere
252 2604 358 2648 essunt.
650 2628 652 2632 -

179 2613 336 2733 inrugetur]
352 2665 437 2718 Voss.
456 2665 490 2718 A.
506 2667 584 2730 Egnr.
601 2661 700 2732 (Bong.
717 2661 767 2729 A.)
784 2662 848 2715 Par.
864 2664 900 2714 A.
921 2663 1002 2716 vrat.
1020 2665 1056 2717 A.
1071 2661 1155 2717 vind.
1168 2667 1203 2719 A.

142 2748 199 2788 non
219 2735 261 2788 ill.
538 2749 543 2760 ·

181 2803 267 2871 hunc]
284 2806 355 2858 And.
371 2805 422 2858 ox.
436 2806 494 2858 Pet.
511 2805 592 2859 Vrat.
609 2805 639 2853 B.
661 2803 738 2868 [ripe.
758 2815 816 2866 sqq.
841 2801 908 2853 hino
926 2799 1002 2852 Leid.
1020 2805 1056 2852 A.
1075 2801 1148 2851 Hau.
1166 2803 1200 2855 A.

144 2875 232 2927 Vind-
249 2876 283 2924 A.
308 2873 370 2924 Aio.
387 2878 431 2926 ab.
448 2875 479 2924 P.
497 2877 571 2926 Man.
597 2872 671 2925 iano
696 2908 715 2942 ‚‚
723 2871 821 2936 reliqui
828 2872 848 2903 ‘⁶
872 2873 932 2925 eod.
950 2872 1043 2925 Brant.
1069 2871 1151 2935 Bong.
1167 2875 1203 2926 A.

144 2945 215 2996 Par.
231 2946 266 2995 A·
293 2944 340 2994 Dr.
358 2947 415 2996 AB.
438 2945 518 2996 Vtut.
537 2947 569 2994 A.
600 2943 679 2993 Goth.
698 2944 730 2998 B.
755 2944 853 2994 Hamb.
878 2941 930 2992 Gn.
962 2939 1034 2990 Gott.
1055 2953 1113 2991 sec.
1135 2942 1204 2994 wir.

145 3015 234 3064 Vino.
253 3008 372 3064 enum.
390 3015 450 3064 edd.
468 3015 532 3064 reli.
549 3015 613 3065 ente
630 3012 706 3074 Lips.
725 3024 761 3063 uo
779 3013 858 3064 Vret.
876 3011 908 3061 c.
924 3021 997 3059 rem.
1018 3011 1045 3058 s.
1080 3012 1139 3059 Non
1158 3015 1203 3061 to-

146 3083 263 3133 leranda
279 3081 344 3132 visa
361 3087 404 3133 est
421 3083 509 3144 Lipsii
527 3076 664 3144 scripture
677 3082 818 3144 Detinuere,
836 3079 883 3145 qui
898 3078 1061 3141 interroget,
1080 3090 1115 3129 an
1130 3074 1204 3130 Cae-

147 3163 199 3202 eor
216 3165 333 3214 unquam
352 3153 505 3216 scripturus
522 3150 607 3202 fuerit
620 3152 775 3203 clamorem
789 3149 932 3211 prosimos
946 3147 1081 3199 trudunt.
1109 3148 1204 3210 Neque

146 3230 228 3285 vero,
246 3221 270 3270 si
288 3221 364 3272 hunc
383 3222 508 3284 scripsit,
526 3223 566 3272 ita
583 3218 729 3280 scripsisse
745 3220 882 3282 putandus
897 3224 950 3267 est.
976 3217 1045 3267 Nam
1062 3215 1133 3265 inter
1146 3230 1203 3267 eor·-

146 3291 261 3357 opsono
278 3296 306 3343 et
324 3293 450 3346 tradunt
466 3294 545 3345 locus
563 3288 726 3354 relinquitur
742 3289 847 3341 obiecto
865 3300 901 3338 ex
918 3284 1103 3348 superioribus
1120 3293 1203 3349 acque

112 3458 141 3520 s.
158 3460 193 3509 1:
210 3472 262 3526 epo
279 3473 315 3512 ue
330 3459 490 3513 consistere
505 3461 641 3526 possitis
731 3460 850 3510 clamore
868 3466 917 3519 per
929 3459 1012 3516 agros
1026 3449 1205 3514 regionesque

110 3529 204 3581 Italia
225 3526 384 3596 Antonius,
413 3531 484 3581 daeo
510 3543 640 3594 opernm.
682 3525 852 3592 significant]
878 3523 951 3589 Apri
968 3528 1032 3570 sanc
1048 3521 1111 3570 loca
1129 3523 1205 3574 culta

110 3600 217 3661 virgil.
242 3602 310 3649 Aen.
335 3599 369 3662 8,
389 3601 440 3650 10:
463 3601 549 3652 Latio
569 3614 639 3651 con·
682 3602 710 3650 et
735 3598 857 3647 habitata
884 3605 902 3644 a
926 3589 1131 3669 possessoribus
1155 3593 1205 3642 vei

111 3668 225 3720 sistere
241 3669 376 3720 Teucros.
405 3672 494 3733 Aeque
509 3670 552 3720 illi
569 3672 639 3721 bone
682 3666 817 3730 separatis
838 3664 866 3712 in
884 3658 1017 3712 aedificiis
1035 3661 1081 3709 vel
1100 3659 1204 3712 anain

111 3739 247 3789 habuisse
270 3737 376 3790 Genabi
399 3738 541 3804 dicuntur,
569 3740 639 3802 quod
681 3736 752 3787 vicis
766 3729 929 3810 domiciliurn
943 3727 1114 3810 nubentibus,
1129 3724 1204 3792 &cibe

111 3819 169 3859 uon
187 3807 276 3871 magis
295 3807 424 3858 convenit
442 3807 494 3858 iter
509 3807 639 3860 facienti·
681 3803 798 3871 motion)
823 3812 877 3864 que
900 3795 1095 3862 segnificetione
1117 3809 1206 3860 oppo-
1247 3848 1254 3861 .
1280 3853 1285 3863 .

111 3877 178 3928 bus.
214 3878 310 3939 ltaque
328 3890 378 3928 nos
397 3879 518 3928 dicamus
541 3875 578 3930 se
595 3873 638 3942 fici,
680 3886 781 3927 nuntur
797 3870 908 3936 oppidis
932 3870 964 3932 3,
983 3869 1000 3916 9
1021 3866 1047 3926 S·
1064 3867 1090 3918 7·
1115 3869 1149 3930 θ’
1169 3868 1204 3919 ¹⁰

112 3947 159 4001 bes
184 3944 301 4010 sensus
327 3957 411 4015 weges
437 3946 494 4000 teet
516 3945 639 4013 neeesse
681 3945 709 4006 s.
726 3951 753 3996 2.
783 3945 884 3993 leonem
900 3938 1003 4018 obtinet
1018 3938 1055 4002 6,
1071 3937 1114 3986 ³¹·
1139 3935 1204 3996 Μ

91 4018 192 4083 ,Ιαῆεη
209 4016 307 4084 hatten.
682 4018 711 4066 et
724 4014 799 4065 inira
814 4025 838 4061 c.
856 4006 891 4074 4,
907 4011 933 4059 3.
951 4011 996 4057 utu
1015 4013 1105 4085 tannen
1123 4004 1204 4071 oppi-

166 4087 196 4148 ς.
215 4091 242 4138 2.
268 4085 377 4149 incidit]
404 4086 448 4141 ci·
466 4088 537 4154 edu.
559 4088 596 4139 ad
611 4089 638 4154 2,
681 4087 717 4135 da
736 4093 839 4147 quoqne
856 4076 1017 4140 praesertim
1029 4087 1133 4126 munera
1149 4086 1203 4125 non

112 4156 148 4210 14
165 4157 195 4221 s.
212 4162 240 4213 s,
682 4153 789 4220 minus,
813 4161 894 4217 quarn
911 4150 938 4200 n.
956 4149 974 4199 1.
991 4144 1071 4197 simui
1088 4140 1205 4208 intelligi
