2700 4726
216 303 284 370 ott
474 296 551 365 DE
578 296 761 367 Bruto
792 293 1047 367 Gannico

216 492 394 567 venerant,
417 508 483 575 qoe
506 508 546 553 ex
568 495 668 576 parte
690 495 827 554 noetros
848 487 956 573 premi
979 485 1236 567 intellexerant,
1259 485 1303 553 iis

174 582 180 595 ’
217 577 342 642 auxilio
365 597 405 640 ex
428 575 653 642 ulterioribus
672 575 825 641 castellis
848 572 1013 639 deductos
1035 574 1305 643 summittebant.

216 663 279 732 82.
296 662 386 729 Dum
409 660 544 748 longius
566 664 608 729 ab
631 663 815 729 munitione
834 662 975 727 aberant
990 660 1102 743 Gelli,
1122 663 1202 750 plus
1219 664 1305 727 rnul-

217 750 364 816 titudine
386 752 529 817 telorum
553 751 796 842 proficiebant3
819 759 1039 837 posteaquem
1063 750 1205 836 propius
1229 772 1306 815 suc-

215 843 409 917 cesserunt,
440 847 500 905 aut
527 861 576 906 ee*
592 839 660 927 ipsi
694 837 843 904 stimulis
873 837 1086 923 inopinantes
1107 837 1306 917 induebant,

216 931 275 991 eut
312 927 348 991 in
379 927 516 994 scrobes
552 926 658 992 deleti
692 925 1023 1001 transfodiebantur,
1055 931 1115 991 aut
1146 945 1187 989 ex
1216 926 1307 992 vello

219 1077 224 1081 ’
255 1142 257 1147 .
285 1117 333 1178 ro]
359 1116 414 1168 ntes
438 1116 521 1169 urat.
540 1117 592 1169 nc.
616 1118 712 1171 uano.
737 1115 782 1168 nro
799 1116 859 1168 eet.
876 1109 961 1167 Voss.
979 1115 1019 1166 Α.
1032 1115 1110 1179 ugo.
1128 1112 1201 1164 cote
1223 1115 1306 1166 rane.

251 1187 315 1238 Par.
332 1188 366 1236 A.
386 1189 457 1238 ttae.
476 1182 510 1239 Α.
530 1189 617 1239 liaeo.
633 1188 682 1239 llr.
698 1188 754 1237 ΑΒ.
773 1186 852 1235 Vrat.
872 1188 905 1234 Α.
923 1185 976 1235 (iu.
998 1183 1078 1233 vinu.
1097 1183 1214 1236 sacri.
1234 1188 1306 1237 ven.

252 1258 324 1376 ἓξὲξ.
350 1257 389 1305 st.
414 1257 463 1308 tir.
482 1258 506 1308 b.
534 1256 620 1309 tirell.
647 1254 688 1314 ,lu
704 1256 786 1307 Viuo,
807 1256 839 1305 Ε.
867 1253 904 1359 iio
918 1276 952 1291 -
965 1253 1181 1306 summittebant
1203 1254 1307 1306 omissa

287 1409 500 1470 summittebant]
518 1410 600 1472 Bong.
619 1405 653 1459 Α.
672 1410 712 1460 ΡΙ.
730 1407 793 1460 Per.
812 1410 847 1460 A.
866 1400 945 1475 Vnae
963 1408 1019 1458 AB.
1036 1404 1119 1459 viui.
1136 1409 1167 1458 Β.
1183 1407 1262 1458 Rom.
1279 1418 1304 1458 a.

250 1480 322 1530 lted.
340 1491 366 1529 a.
388 1480 458 1530 ven.
477 1479 531 1528 bot.
546 1481 612 1531 uer.
630 1479 692 1530 niu.
711 1491 736 1530 a.
757 1479 806 1529 Gn·
823 1479 866 1528 ab.
884 1479 924 1527 st.
940 1477 1024 1528 uren
1042 1479 1121 1531 'turn
1144 1487 1198 1528 noo
1215 1475 1305 1527 auten.

251 1547 370 1607 (comari
387 1547 522 1599 tenebant
543 1548 625 1599 Vini.
642 1552 676 1598 A·
700 1549 811 1601 sumitt.
836 1547 915 1599 Goth.
934 1547 964 1599 B.
985 1545 1144 1598 serenitati.
1170 1546 1241 1597 Van.
1261 1547 1304 1598 bc.

250 1619 313 1668 Διά.
331 1630 358 1669 a.
375 1617 505 1669 comitet.
524 1617 673 1676 vente.)

285 1698 355 1766 Cap.
372 1705 416 1756 82.
434 1701 461 1764 s.
481 1703 495 1750 1
518 1704 707 1766 posteaquem]
730 1702 774 1756 ct.
793 1703 855 1756 ato.
874 1714 913 1755 or.
932 1704 967 1753 et
984 1700 1016 1764 5,
1033 1705 1059 1754 3.
1077 1702 1104 1763 s.
1121 1700 1145 1752 5.

284 1773 351 1832 ipsi]
377 1774 447 1823 lter.
466 1775 499 1822 A.
518 1771 598 1821 Vinii.
617 1770 650 1824 Α.
669 1772 730 1823 Alo.
749 1785 807 1834 sqq.
826 1785 879 1822 om.
897 1773 1007 1825 codices
1025 1774 1118 1821 decenn
1137 1769 1205 1822 Ouel.
1225 1767 1302 1820 carr.

250 1842 309 1893 cod.
326 1844 404 1892 Turr.
423 1843 481 1891 Pet.
498 1841 581 1890 Voss.
600 1845 635 1893 Δ.
657 1842 730 1891 Gott.
747 1843 824 1898 Eum.
844 1844 913 1892 bor.
930 1841 999 1891 Lbb.
1016 1839 1097 1893 naor.
1116 1840 1202 1890 couti.
1219 1839 1302 1903 Bong.

250 1913 283 1960 A.
303 1910 344 1961 Pl.
362 1911 425 1964 Per.
444 1914 477 1961 A.
503 1910 589 1960 tlaen.
614 1911 662 1960 Dr.
679 1911 736 1962 ΑΒ.
760 1913 841 1962 Vrec.
859 1910 937 1961 nec.
964 1911 1044 1960 Goth.
1059 1905 1115 1958 Au.
1134 1909 1231 1960 flnmb.
1249 1908 1301 1958 Gn.

249 1980 331 2034 vion.
348 1979 488 2031 acuunt.
512 1981 572 2028 eut.
597 1987 661 2030 ante
684 1982 746 2031 Aio.
782 1979 824 2029 Gt.
844 1992 869 2031 c.
888 1982 923 2031 7³
949 1975 975 2043 §.
993 1977 1028 2028 4:
1056 1991 1111 2041 qno
1133 1977 1183 2041 poi
1202 1978 1302 2030 iutro·

249 2053 373 2117 nerent,
398 2062 430 2101 oe
454 2047 511 2111 ipat
537 2049 711 2100 ocntnstmte
734 2049 820 2101 conio
843 2047 1008 2099 induebant.
1040 2060 1093 2110 quo
1113 2047 1221 2110 quidem
1240 2048 1300 2098 loco

249 2129 327 2168 uerno
344 2132 397 2170 non
417 2119 545 2183 nemius,
565 2130 646 2179 qnam
662 2122 727 2181 hoc,
744 2118 801 2182 ipsi
818 2119 997 2168 desideraret.
1034 2123 1075 2167 Ac
1094 2120 1185 2180 potest
1202 2129 1301 2180 prono-

250 2199 311 2238 men
328 2198 362 2237 ex
379 2189 428 2240 ilto
453 2188 479 2238 ln
497 2190 567 2236 hunc
587 2187 794 2248 interpolatione
812 2186 918 2238 illatum
938 2184 1043 2251 videri,
1072 2186 1203 2250 siquidem
1222 2187 1301 2236 iuius

250 2269 358 2319 quoque
381 2256 492 2323 generis
516 2256 697 2306 additamento
725 2257 757 2306 in
784 2256 840 2306 iltis
869 2255 948 2306 libris
978 2252 1159 2317 reperiuntur.
1201 2255 1300 2305 Temen

248 2324 368 2388 ineptum
385 2339 420 2376 oe
438 2326 481 2375 ite
499 2325 604 2387 quidem
625 2326 740 2375 viderur.
774 2325 898 2375 Actionis
915 2322 987 2375 enim
1005 2325 1087 2386 puoto
1104 2317 1300 2387 ptua‘tmpercit

248 2393 309 2458 lile,
335 2393 381 2458 qui
403 2407 435 2445 se
454 2393 571 2444 stimulis
589 2394 755 2458 induebant,
780 2406 850 2457 quae
875 2395 1039 2447 aeecuuetls
1057 2393 1202 2457 tertiisque
1224 2405 1299 2455 pror·

248 2475 297 2513 roe
314 2472 418 2515 minute
441 2469 499 2527 eet,
524 2464 559 2511 ad
576 2473 688 2525 comque
706 2465 822 2524 quedrot
839 2464 909 2525 qued
929 2462 1112 2524 inopinantes
1135 2462 1251 2512 induere
1269 2476 1299 2512 se

248 2532 383 2582 dicuntur.
423 2531 539 2580 'temere
558 2530 754 2590 praetermissa
775 2541 866 2581 nocem
891 2532 926 2581 ob
957 2531 1051 2592 optimi
1076 2531 1180 2581 codicis
1205 2531 1298 2584 scriba

247 2603 299 2650 trac
317 2600 346 2649 io
364 2600 440 2661 purte
458 2600 527 2648 naut
545 2609 632 2658 peuce
650 2600 882 2660 deprehendimus.
917 2599 1014 2662 leoque
1032 2601 1088 2666 ipsi
1107 2595 1169 2651 oum
1187 2603 1296 2654 dubite-

247 2669 321 2720 tioue
338 2668 480 2718 tenendum
500 2675 590 2718 tamen
607 2667 714 2730 putavi.

281 2748 378 2819 delati]
394 2751 505 2815 delapsi
522 2753 593 2803 And.
612 2746 663 2802 ox.
682 2751 731 2804 cn.
750 2755 777 2803 s.
788 2751 907 2805 beton.
922 2753 1023 2804 Penii.
1040 2755 1153 2806 Herm.
1171 2753 1296 2807 Vincunt.

247 2821 309 2871 Ali.
325 2832 381 2883 sqq.
413 2820 445 2870 ld
459 2820 666 2883 oudendorpius
679 2821 776 2884 partlm
793 2819 911 2885 quinque
930 2822 1069 2886 codicum,
1094 2822 1191 2885 portion
1207 2827 1299 2875 tiete-

246 2892 394 2956 ptuastee,
413 2887 674 2952 antecrescentem
692 2891 796 2952 posuit,
813 2891 978 2942 auctoritate
995 2894 1092 2940 tenens
1108 2892 1207 2957 delotl,
1227 2896 1296 2954 qood

246 2959 274 3009 in
287 2958 399 3023 reliquis
417 2968 562 3022 exuretur,
581 2973 647 3011 roae
665 2958 765 3008 habere
784 2970 900 3009 veneres
915 2960 1038 3009 concedit
1049 2960 1195 3024 eodemque
1208 2962 1297 3025 signi·

219 3090 222 3097 ,
244 3026 372 3088 flectione
387 3027 416 3078 io
432 3028 580 3090 improviso
596 3029 750 3092 progressis
766 3029 857 3093 aliquo
875 3031 903 3078 et
917 3028 1040 3094 delapsis
1055 3028 1154 3080 dictum
1170 3042 1189 3081 e
1201 3029 1296 3083 Curtio

258 3195 446 3258 ulterioribus]
461 3209 594 3262 quaenon
607 3195 729 3261 adipso·
772 3194 964 3249 monitionibus
990 3196 1080 3249 tolose
1103 3198 1195 3251 nullos
1219 3200 1299 3252 reri«

207 3279 285 3331 rum,
308 3268 357 3316 sed
379 3267 415 3316 at
440 3268 553 3317 eliorum
577 3267 728 3330 legatorum
772 3263 887 3318 similius
913 3271 972 3332 est,
995 3281 1075 3331 quam
1097 3281 1163 3334 eos,
1188 3270 1235 3333 qui
1259 3258 1302 3322 ibil

206 3339 301 3388 castra
324 3336 500 3398 pertinerent.
541 3333 585 3387 Gt.
608 3338 669 3388 oin.
693 3338 729 3388 ed
771 3344 879 3400 esseut,
922 3340 971 3405 out
1005 3338 1139 3389 scrobium
1173 3338 1295 3404 nomine,

205 3418 232 3458 c.
248 3406 284 3454 68
302 3402 330 3464 S.
347 3407 374 3456 7.
770 3407 989 3469 quemadmodum
1003 3407 1214 3471 Berttngntertue
1227 3408 1294 3461 ller-

228 3484 234 3491 ·
257 3475 325 3536 cap.
342 3474 376 3524 82
395 3472 422 3534 s.
441 3475 455 3523 t
475 3469 663 3539 proficiebant]
684 3470 727 3525 Gt.
769 3487 853 3525 nmen
869 3488 895 3536 p.
909 3477 945 3526 94
958 3477 1069 3543 statuit,
1086 3481 1293 3540 comprehensor

203 3541 569 3610 etn.cr.adt,1ts.t.
599 3545 658 3593 Hoc
675 3555 727 3593 au·
770 3547 833 3608 eut,
862 3547 931 3606 qood
962 3547 1049 3608 magis
1073 3548 1184 3608 placere
1209 3548 1293 3600 alicui

203 3617 258 3662 teni
272 3615 333 3662 loco
349 3611 573 3676 pluoproficere
589 3612 725 3678 interirent,
754 3611 872 3677 ‘possim
895 3618 1038 3676 propterea
1057 3628 1113 3664 uon
1130 3628 1292 3669 commemo-

203 3682 275 3743 quon
293 3694 317 3730 e.
335 3681 371 3733 80
395 3681 457 3751 §.4
478 3696 577 3749 pnpno
592 3681 725 3747 roperto·
768 3690 844 3731 ratos
865 3695 946 3746 ense,
970 3686 1040 3747 quod
1057 3685 1132 3735 Galli
1150 3686 1222 3738 inter
1240 3687 1291 3738 sei·

202 3759 254 3800 ree
273 3762 342 3801 esse.
381 3791 383 3795 .
769 3751 857 3800 mulos
881 3760 907 3799 ec
932 3755 1044 3804 scrobes
1074 3755 1110 3803 ab
1141 3757 1184 3805 his
1213 3758 1289 3808 inco-

201 3840 205 3845 ·
255 3827 304 3868 eut
338 3831 373 3869 ex
407 3821 482 3872 vallo
508 3846 541 3861 ··-
564 3817 725 3886 interibant]
769 3819 855 3869 tumes
883 3823 989 3871 ,verenti
1019 3824 1054 3872 ad
1079 3824 1174 3885 cippos
1199 3835 1289 3878 tamen

124 3904 133 3939 :
202 3885 256 3948 Qui
277 3887 336 3935 tierl
362 3889 496 3956 potuerit,
530 3896 560 3939 ut
585 3890 724 3950 cipporum
766 3900 818 3938 uon
844 3891 1053 3956 pervenissent,
1079 3894 1129 3942 sed
1153 3895 1232 3956 prius
1256 3910 1289 3946 ex

200 3956 227 4003 b.
246 3956 265 4003 Ι.
286 3958 384 4006 mentio
402 3959 477 4009 nolte
495 3958 598 4008 intecta
614 3959 670 4024 sit,
694 3957 723 4007 in
766 3959 841 4008 vallo
873 3971 907 4010 oo
937 3960 1056 4010 turribus
1088 3963 1197 4014 traiecti
1226 3964 1289 4027 pilis

146 4085 151 4099 Ι
199 4025 261 4075 eto.
281 4027 316 4075 ad
339 4037 364 4078 c.
382 4026 415 4077 81
444 4026 470 4087 S.
489 4031 506 4078 2
528 4027 643 4079 ostendi.
680 4028 722 4076 Ac
765 4026 1096 4080 murellbuslnterisseot.
1124 4033 1201 4084 llaec
1216 4037 1288 4086 eoin

198 4104 231 4143 re
247 4106 316 4145 vere
333 4094 444 4158 cippos,
462 4097 558 4158 onmes
576 4111 602 4146 c.
620 4096 656 4148 7³
673 4097 721 4146 ue·
763 4095 836 4159 pile,
866 4096 893 4145 el
909 4109 989 4147 mono
1006 4099 1238 4165 conficiebantur,
1260 4105 1287 4154 n

198 4161 296 4226 scripti
319 4167 407 4229 suot‚‘
422 4163 451 4216 io
475 4164 517 4215 tis
538 4165 721 4218 exterioribus
762 4167 832 4229 quoe
848 4163 909 4230 ipso
926 4166 1034 4219 nomme
1049 4169 1247 4241 verisimilem
1262 4176 1289 4224 et
