2700 4726
147 295 217 365 362
405 290 482 361 DE
507 291 690 362 tutto
721 291 972 366 anttlco

110 540 123 556 „
153 486 223 548 tur.
265 480 331 549 illo
355 480 515 573 oppidum
540 481 751 570 Biturigum,
781 483 928 572 potitum
949 482 984 549 in
1007 483 1080 568 via,
1110 480 1240 551 Norin-

110 577 131 639 2
155 567 280 636 dunum
303 591 499 659 oppugnare
524 570 732 644 instituerat.
778 573 856 660 Quo
880 592 920 639 err
943 569 1164 662 oppidorum
1189 572 1241 639 le·

186 763 231 813 ost
253 768 281 811 et
295 760 451 813 'Avaricum
470 774 534 824 cap.
559 760 683 826 sequenti
701 759 847 813 etiamnum
863 760 891 812 in
906 760 1004 821 finitur
1022 759 1174 826 Biturigum
1191 762 1243 814 oll-

188 832 337 895 pugnatum
352 826 435 881 irit.“
469 829 619 896 (Ultertnat
636 845 741 895 —quo
758 832 891 893 occupato
908 831 1012 882 demum
1029 829 1057 881 in
1076 831 1145 882 tinea
1164 830 1242 881 Bitn-

189 901 278 962 rigum
304 899 408 950 caesar
432 901 570 960 proiectus
596 900 656 963 sit.)
695 901 748 951 Sed
769 913 820 964 quo
837 896 896 950 lure
912 908 960 950 ant
974 901 1100 960 exemplo
1116 901 1244 964 oppidum

189 971 270 1020 extra
287 967 355 1019 tinea
373 970 546 1021 Haeduorum
563 971 679 1034 positum
695 968 865 1019 Haeduorum
884 970 1008 1031 oppidum
1026 969 1123 1019 vocari
1140 982 1159 1021 a
1170 969 1244 1021 cae·

189 1049 253 1089 aare
271 1039 399 1101 potuerit,
417 1038 484 1090 0ud.
502 1050 556 1089 nnn
574 1039 795 1102 ostenditurque
814 1037 954 1098 reputavit
970 1039 1143 1089 Haeduorum
1162 1039 1243 1103 oppt-

189 1109 252 1159 dnm
278 1107 369 1158 ubivis
394 1104 529 1157 terrenum
555 1108 669 1169 positum
694 1109 830 1160 Romanoa
853 1110 909 1158 tum
933 1105 1039 1171 quidem
1060 1120 1172 1158 causam
1190 1120 1243 1159 cur

189 1185 376 1238 oppugnarent
400 1178 503 1227 nullam
528 1177 676 1243 nannieno,
707 1177 805 1241 quippe
824 1187 841 1226 a
858 1177 955 1238 quinne
972 1176 1013 1227 illi
1030 1180 1145 1228 noudum
1163 1179 1244 1229 deie-

189 1244 302 1296 cissent.
342 1247 456 1298 Accedit
482 1250 552 1309 quod
576 1258 646 1308 quae
664 1257 689 1296 c.
707 1247 742 1297 55
760 1247 794 1295 de
811 1245 983 1297 Haeduorum
1003 1246 1163 1297 Novioduno
1183 1253 1244 1298 tra·

187 1315 298 1381 duntur,
315 1314 356 1367 lta
373 1325 531 1373 comparata
548 1319 620 1378 sunt,
639 1322 669 1364 nt
685 1317 800 1367 nondum
818 1313 847 1364 in
866 1313 946 1365 lutus
964 1316 1126 1366 anciranus
1144 1316 1245 1367 dictum

189 1384 288 1435 nedum
306 1386 388 1446 paulo
405 1385 469 1433 ante
485 1393 667 1446 oppugnatum
686 1391 714 1433 et
727 1384 754 1434 in
767 1383 926 1434 deditionem
940 1385 1080 1435 redactum
1092 1396 1110 1434 a
1122 1384 1246 1437 caenare

188 1453 316 1514 oppidum
339 1452 459 1503 describi
482 1453 567 1503 facile
591 1452 773 1515 intelligatur.
813 1453 890 1519 onae
916 1465 977 1504 cnm
996 1452 1036 1503 itu
1053 1452 1126 1519 alut,
1157 1456 1246 1506 verba

189 1521 249 1582 illa,
270 1533 382 1582 quorum
401 1521 456 1570 tria
472 1525 610 1584 postrema
628 1524 696 1573 0nd.
716 1520 825 1572 silentio
843 1521 1043 1584 praetermisit,
1057 1526 1161 1572 temere
1181 1536 1247 1573 esra

189 1592 319 1642 damnata
336 1597 364 1640 et
376 1602 472 1640 errore
489 1591 516 1639 iu
534 1596 611 1652 parte
630 1592 752 1641 codicum
769 1591 914 1654 exciditne,
933 1591 1094 1642 Noviodnua
1112 1600 1203 1642 autent
1218 1592 1247 1643 in

147 1715 156 1731 ι
191 1660 286 1710 Gallio
302 1659 358 1711 tria
372 1670 437 1708 ettae
449 1669 467 1708 a
481 1657 600 1710 caesare
614 1666 820 1710 commemorata
833 1671 895 1711 eum
907 1659 1045 1709 Bourillio
1057 1663 1085 1711 et
1095 1660 1248 1711 Belcltardo

192 1736 301 1779 statuen
338 1743 364 1779 m
388 1737 459 1790 puto.
501 1730 570 1778 Nam
594 1730 663 1792 quod
689 1728 819 1790 Apitaina
843 1727 1027 1789 oudendorpli
1052 1728 1147 1780 verbis
1166 1730 1248 1792 quael

121 1788 131 1808 ⁸
190 1798 303 1849 consect
320 1799 391 1848 rium
414 1795 546 1847 subiecitt
577 1799 657 1863 „liat
679 1796 761 1860 igitur
784 1797 855 1866 illud
874 1797 1044 1862 Bituripam
1068 1800 1196 1862 potitum
1218 1800 1249 1850 in

191 1866 242 1917 nia
258 1868 325 1925 (aui
339 1868 399 1917 dem
413 1868 505 1929 Wege
521 1880 557 1916 zu
575 1869 627 1916 den
640 1865 691 1915 Bit.
709 1866 839 1929 gelegen)
854 1864 974 1928 ineptum
992 1867 1149 1928 interpretis
1167 1868 1248 1919 addi-

110 1988 118 2006 Ι
192 1944 349 1985 tamencum.
384 1937 453 1986 Nam
468 1946 552 1997 'quum
571 1935 676 1985 caesar
691 1935 720 1984 in
737 1933 837 1983 tinibus
855 1935 1006 1998 Biturigum
1024 1946 1169 2002 versetur,
1199 1950 1249 2000 per

192 2017 224 2055 ee
241 2005 296 2054 iam
314 2003 476 2068 intelligitur
494 2004 575 2055 etiam
593 2004 717 2066 oppidum
735 2004 769 2052 alt
787 2012 821 2051 eo
837 2007 1021 2067 oppugnatum
1039 2004 1066 2055 in
1083 2005 1183 2056 tinibus
1200 2007 1250 2057 Bl-

192 2073 311 2134 tnrigum
336 2071 439 2124 esue.“
464 2072 491 2124 id
514 2074 550 2123 ab
577 2070 758 2133 Oudendorpii
782 2081 873 2122 mente
898 2073 1003 2135 pariter
1027 2081 1108 2136 atque
1126 2086 1145 2125 a
1163 2088 1249 2127 sensu

192 2142 303 2194 illorum
321 2146 467 2195 verborum
493 2144 520 2192 et
543 2154 562 2192 a
582 2138 774 2193 ueneratione
795 2142 931 2193 abhorret.
968 2142 1159 2206 Oudendorpio
1176 2146 1249 2196 enim

192 2212 362 2280 Bituripum
379 2214 520 2262 delendum
539 2212 684 2262 ridebatur
695 2213 849 2273 propterea,
866 2212 935 2276 quod
948 2211 1137 2264 Noviodunum
1151 2226 1249 2278 qnam-

192 2282 239 2330 via
263 2282 292 2334 in
317 2283 416 2331 tinibus
435 2280 584 2344 Biturigum
610 2278 741 2339 positum,
774 2286 865 2330 tamen
882 2290 935 2331 nou
953 2280 1104 2347 Biturigum
1121 2284 1248 2347 oppidum

193 2361 285 2418 cenet,
303 2351 353 2407 ped
370 2351 550 2414 Haeduorum.
586 2350 627 2400 Be
645 2348 746 2400 ceteris
764 2361 791 2396 v.
813 2348 863 2400 int.

213 2515 338 2580 oppidum
370 2517 534 2585 Biturigum,
568 2518 684 2583 positum
725 2519 837 2568 duorum
852 2515 906 2567 dici
922 2521 1054 2571 autumat.
1087 2520 1251 2589 „Biturigae

158 2584 188 2638 in
201 2587 260 2650 via,
277 2588 480 2648 Noviodunuml
494 2590 609 2653 caesar,
623 2600 683 2639 curn
725 2585 817 2638 enimt‘
834 2586 922 2649 inquit
940 2587 990 2654 „in
1009 2590 1061 2639 fido
1078 2590 1252 2646 Haeduorum

159 2658 285 2707 traducto
302 2658 430 2720 Ligerem
447 2660 568 2709 exercitu
583 2658 685 2708 Bituri-
725 2657 838 2708 fuerant
860 2668 888 2706 et
906 2658 940 2706 ab
958 2659 992 2708 iia
1009 2659 1185 2711 desciverant
1203 2676 1252 2713 ae·

158 2736 220 2788 gum
233 2725 301 2775 tinas
315 2728 440 2791 intraret,
452 2730 566 2778 troudum
581 2740 686 2788 rogno—
727 2740 778 2790 qne
801 2739 863 2777 cnm
886 2728 1111 2792 Vercingetorige
1135 2731 1251 2782 coniun-

160 2802 242 2844 verat
265 2796 518 2859 Vercingetorigem
542 2808 684 2861 oppugna·
727 2805 835 2845 xerunt.
882 2798 935 2847 Sed
965 2798 1127 2862 expugnatis
1158 2811 1252 2852 eornm

159 2862 233 2911 tione
250 2865 406 2929 destitisse,
431 2869 479 2915 sed
498 2877 632 2929 tamquam
650 2867 685 2915 ad
727 2864 835 2930 oppidis
868 2866 1031 2918 Novioduno
1070 2868 1097 2917 et
1127 2870 1252 2922 Avarico

161 2931 342 2994 Gorgobinam
362 2939 560 2997 oppugnantem
585 2936 625 2984 ire
650 2935 684 2986 ad
728 2945 778 2985 eos
811 2935 861 2985 sub
890 2938 1051 2997 potestatem
1079 2937 1253 2990 Haeduorum

159 3013 220 3049 enm
243 3005 373 3066 pergebat
395 3005 554 3069 attrivit,
588 3005 685 3067 quaei
727 3001 835 3054 redisse
859 3012 981 3064 apertum
1013 3005 1091 3060 est.“
1132 3007 1254 3060 Primum

160 3071 274 3120 eundum
307 3081 384 3136 erat,
419 3073 535 3136 positum
561 3074 684 3135 oppidum
727 3085 858 3135 nunquam
877 3072 982 3121 caesar
999 3074 1099 3134 oppida
1118 3075 1185 3125 dicit
1205 3089 1253 3128 eo-

159 3139 194 3188 ob
211 3137 239 3188 id
256 3139 355 3205 ipsum,
372 3144 440 3203 quod
460 3152 521 3193 erat
534 3143 560 3190 in
575 3145 623 3191 via
636 3154 684 3202 po-
727 3155 797 3202 rum,
815 3151 925 3202 quorum
943 3141 971 3190 iu
989 3142 1042 3190 fide
1056 3156 1104 3191 seu
1121 3145 1253 3198 clientela

159 3208 251 3271 sitam,
269 3213 473 3274 expugnandum
492 3211 542 3260 sibi
561 3211 682 3275 putabat,
727 3212 792 3259 aunt
810 3209 932 3275 incolae,
949 3211 996 3259 aed
1015 3221 1126 3271 quornm
1140 3214 1169 3264 iu
1188 3216 1256 3266 ilui-

157 3271 254 3340 Itaqne
285 3280 380 3328 verbis
412 3283 539 3343 pruritum
570 3282 602 3330 in
634 3282 684 3332 cin
726 3279 778 3327 ltus
797 3278 850 3328 sita
868 3279 939 3327 aunt.
976 3279 1097 3347 Deinde,
1121 3283 1146 3332 si
1164 3286 1254 3335 clien-

158 3349 289 3396 rationem
307 3350 395 3397 reddit
408 3351 524 3416 consilii,
540 3353 609 3411 qtrod
623 3352 682 3401 ior·
726 3348 799 3396 telae
817 3348 946 3398 rationem
966 3348 1114 3415 habuisset,
1135 3365 1187 3403 nou
1206 3354 1255 3403 Bi-

158 3418 235 3465 tasse
256 3429 309 3466 unu
328 3419 461 3480 cepisset,
487 3421 510 3467 si
532 3421 684 3484 Vercinge-
726 3416 852 3479 turigum,
865 3419 915 3466 sed
929 3420 1114 3469 Arvernorum
1129 3423 1257 3482 oppidum

158 3485 273 3547 torigem
303 3487 356 3536 ium
389 3484 525 3537 adversua'
556 3499 587 3535 se
618 3501 684 3550 pro·
726 3487 776 3534 lroc
798 3493 860 3546 post
882 3485 990 3536 illorum
1010 3488 1190 3540 deiectionem
1211 3493 1256 3541 di-

159 3552 248 3604 ticisci
280 3557 590 3618 cognitumhaltnisaet.
624 3558 683 3620 Op-
726 3567 790 3602 cere
803 3555 951 3608 debuisset.
975 3557 1097 3620 Denique
1110 3571 1163 3609 non
1176 3561 1257 3612 Hae-

160 3622 252 3686 pidum
280 3625 367 3683 ipsum
394 3627 534 3674 diversum
566 3639 628 3675 csse
648 3628 682 3675 ab
714 3625 1257 3693 tduorumcausnbellumgerebat,'ne-

161 3703 210 3752 en,
236 3695 306 3754 quood
333 3707 358 3745 c.
385 3695 418 3746 55
449 3698 682 3745 commemoratum
725 3706 776 3755 que
794 3693 819 3742 sl
837 3696 913 3757 quod
923 3696 1049 3757 oppidum
1063 3699 1097 3747 ab
1111 3698 1145 3747 iis
1159 3700 1255 3749 deaei-

159 3762 213 3822 eat,
230 3760 260 3810 in
277 3764 339 3812 adn.
358 3777 397 3816 cr.
417 3764 497 3812 docui
515 3763 683 3814 contraOu-
725 3763 830 3829 visset,
864 3763 950 3814 idat
984 3765 1044 3827 ipso
1069 3772 1256 3830 expugnatum

159 3829 351 3896 dendorpinm,
374 3832 419 3894 qui
439 3833 506 3882 idem
527 3835 638 3892 patrabat
655 3835 683 3882 et
725 3843 817 3882 eurum
839 3832 952 3896 imperio
971 3834 1182 3901 subiiciehatur3
1201 3840 1257 3891 uisi

160 3901 305 3958 propterca
321 3901 491 3966 Biturtpuut
513 3915 611 3951 nornen
633 3902 683 3949 de·
725 3902 797 3951 iurte
822 3906 996 3966 potestatem
1015 3904 1108 3970 illam,
1139 3921 1256 3970 quaec.

158 3967 249 4016 lebat:
287 3971 337 4019 troc
371 3972 430 4019 loeo
455 3973 609 4034 arguendus
640 3975 684 4021 eet
727 3974 761 4021 13
780 3977 849 4023 extr.
866 3973 983 4038 dicitur,
1007 3974 1180 4027 Haeduorum
1199 3977 1256 4028 dici

158 4045 273 4085 crassus
313 4037 471 4100 Nipperdeii
505 4053 601 4103 error,
639 4040 685 4103 qui
726 4043 870 4094 credimus.
906 4043 1258 4102 Quomodoveroexvar-

158 4116 256 4155 nomen
281 4105 349 4157 illud
372 4120 490 4158 terrane
513 4112 587 4159 recte
613 4108 683 4160 idem
726 4111 769 4161 bln
794 4125 818 4161 c.
840 4113 872 4161 11
899 4112 1029 4162 extremis
1053 4115 1256 4178 (coercitum-

156 4174 280 4238 oppidum
296 4176 339 4229 trie
352 4177 512 4242 Biturigum,
526 4177 685 4231 intraHae·
723 4179 879 4246 peruenit)
911 4181 1043 4247 colligere
1074 4184 1257 4248 Nipperdeiua
