2700 4726
398 215 607 348 mauu.
653 273 841 347 carm
928 316 968 384 7
1100 272 1174 357 ooo

77 463 270 550 legionibus
291 463 464 532 Lutetiam
487 464 728 555 prolioiseitur.
771 463 813 531 ld
837 471 891 532 est
915 461 1076 553 oppidum
1101 458 1168 529 Pa-

78 555 252 632 risiorum,
275 551 365 638 quod
388 554 536 639 positum
560 562 613 618 est
633 556 668 620 in
687 555 800 620 insula
814 553 961 627 fluminis
978 551 1166 636 Sequanae.

79 643 187 713 Cuius
219 640 364 705 adventu
394 641 436 705 ab
458 641 613 707 hostibus
635 643 769 728 oognito
791 663 929 728 magnae
950 662 990 705 ex
1014 639 1166 705 finitimis
1189 647 1212 708 2

79 730 278 796 civitatibus
299 729 414 814 copiae
436 737 670 834 eonveuerunt.
715 728 852 796 Summa
867 728 1002 818 imperii
1017 725 1167 793 traditur
1190 737 1211 796 8
1267 820 1273 828 ⁸

78 817 1169 994 iiiiii}iigiiiiitiiiai‘i‘'ii‘'ifiiiii:iiiiii
1271 912 1279 920 ·

78 996 237 1061 honorem
269 1000 443 1057 evocatus.
488 989 525 1058 Ia
548 1014 623 1056 eum
649 993 945 1059 animadvertisset
969 991 1212 1079 perpetuamd

79 1102 156 1147 esse
178 1077 354 1167 paludem,
389 1101 475 1166 quaa
497 1080 655 1145 influeret
676 1082 709 1146 in
733 1078 923 1168 Sequanam
948 1089 1050 1164 atque
1072 1079 1176 1144 illum‘

82 1190 219 1235 omnem
276 1167 387 1230 laeum
452 1189 653 1254 magnopore
703 1169 891 1254 inpediret,
951 1167 1005 1233 hio
1055 1186 1172 1257 eonse-

81 1256 135 1324 dit
171 1260 373 1340 nostrosque
406 1257 556 1322 transitu
582 1254 760 1345 prohibere
792 1256 955 1323 instituit.
1013 1254 1068 1322 58.
1106 1251 1173 1319 La·

123 1447 252 1510 quatuor
277 1445 325 1498 ur.
349 1446 383 1496 s.
409 1443 436 1494 m
458 1457 493 1498 m.
522 1443 602 1498 vrat.
625 1446 703 1496 Aac.
729 1448 809 1497 eain.
829 1449 863 1498 a.
888 1418 985 1497 uano.
1009 1444 1090 1496 vinu.
1118 1444 1174 1496 ur.

117 1517 188 1567 ven.
213 1518 239 1565 b·
265 1515 327 1565 atu.
355 1528 379 1566 a.
404 1515 452 1565 Gr.
480 1515 523 1567 ab.
546 1518 584 1566 st.
613 1516 644 1569 P.
669 1519 740 1566 Man.
763 1517 847 1567 Frell.
870 1517 947 1568 liner.
965 1515 1010 1566 W
1026 1516 1103 1575 (Par.
1124 1517 1175 1575 A.)

119 1587 181 1636 Alo.
201 1585 226 1636 i.
243 1581 318 1644 Lips.
338 1583 386 1633 Gr.
403 1592 430 1632 et
448 1597 506 1646 sqq.
883 1598 886 1606 ·

154 1670 223 1731 quod
240 1667 358 1728 positum
377 1665 433 1733 est]
466 1667 543 1732 qaod
569 1669 613 1720 eat
630 1669 758 1733 positam
774 1670 870 1721 namn.
888 1668 1014 1733 positam
1032 1671 1101 1724 Anu.
1122 1669 1174 1720 01.

119 1736 172 1791 (iu.
187 1739 217 1788 8.
236 1737 314 1787 Laid.
332 1735 364 1784 Α.
390 1737 461 1786 Hau.
479 1739 513 1791 Α.
532 1737 614 1793 vinu.
633 1738 665 1787 Α.
683 1740 744 1789 Aio.
764 1753 822 1801 eqo.
840 1743 871 1788 ut
889 1752 912 1788 o.
932 1739 966 1790 58
983 1742 1009 1804 S.
1030 1744 1061 1790 3:
1081 1738 1175 1801 idest

120 1805 255 1872 oppidani
274 1806 418 1855 Senonum
434 1803 464 1854 in
488 1806 584 1856 insuia
596 1809 748 1871 Sequanae
761 1809 898 1871 positura.
934 1808 1081 1869 Participio
1103 1809 1176 1858 aite-

121 1891 181 1930 rum
194 1877 379 1939 praedicatum
394 1880 528 1935 tamquam
544 1889 608 1935 pars
628 1877 727 1936 prioris
747 1879 780 1925 ad
801 1877 993 1941 perficiendam
1012 1879 1176 1940 descriptio·

122 1960 183 1998 nem
202 1946 343 1996 adiicitur:
361 1943 437 2006 qnod
454 1944 582 2005 poa-itum
600 1947 644 1995 eet
664 1945 749 2004 magis
768 1954 908 2008 antrumque
929 1960 978 2008 per
998 1956 1028 1993 se
1047 1952 1176 1996 constans

122 2016 239 2078 eogitari
263 2014 375 2075 patitur.
417 2013 552 2063 Lutetiam
572 2012 737 2065 Parisiorum
755 2024 819 2063 esse
837 2015 891 2063 iam
908 2017 936 2078 6,
956 2020 973 2065 3
991 2013 1019 2074 S.
1039 2012 1057 2062 4
1076 2017 1179 2064 diarum

121 2088 182 2135 est:
201 2085 230 2133 in
246 2083 338 2132 insuia
356 2083 496 2143 Sequanae
515 2083 633 2146 positam
647 2096 711 2133 esse
724 2096 795 2134 nuuc
809 2086 933 2147 docetur,
952 2082 1065 2145 ideoque
1077 2084 1178 2135 distin-

123 2153 172 2219 gui
190 2155 240 2204 hoo
257 2153 292 2201 ao
311 2149 358 2200 ilio
380 2151 472 2211 potuit.

161 2235 190 2298 S.
208 2240 225 2286 2
242 2231 377 2302 finitimis]
399 2233 538 2299 finitumis
554 2237 623 2287 ond.
641 2240 666 2288 2.
684 2240 792 2287 tacente
812 2238 854 2290 rt.
900 2278 906 2291 .

163 2322 191 2384 s.
216 2319 235 2372 d
259 2322 511 2381 animadvertisset]
543 2321 670 2373 animam
692 2322 873 2377 advertisset
895 2323 965 2375 And.
986 2321 1038 2374 (ix.
1055 2323 1129 2376 ilar.
1147 2325 1181 2377 A.

127 2393 196 2445 0ud.
233 2390 276 2443 Cf.
295 2394 356 2442 adu.
374 2404 413 2441 or.
431 2393 465 2441 ad
484 2403 507 2439 a.
527 2391 561 2442 25
577 2391 603 2451 S.
621 2395 645 2443 1.

162 2472 326 2524 magnopere
351 2457 498 2526 inpediret]
528 2473 630 2527 triopae
655 2472 742 2524 opere
769 2460 835 2525 irrep.
864 2462 959 2512 flamb.
986 2476 1088 2528 mapno
1114 2462 1181 2528 imp.

128 2542 217 2596 opere
234 2532 293 2609 cop.
310 2532 390 2580 'lora
414 2531 492 2611 Han
503 2532 537 2578 Α.
558 2541 651 2595 margo
670 2532 749 2581 Goon.
765 2532 796 2584 B.
813 2542 909 2594 margo
928 2532 980 2584 Gr.
996 2545 1023 2582 a.
1059 2533 1102 2583 Gi.
1120 2534 1184 2584 aon.

126 2614 167 2723 pyr.
187 2599 321 2736 adolf-13
340 2598 366 2661 S.
384 2595 412 2649 d.
429 2624 464 2636 --
480 2612 540 2666 inp.
559 2600 624 2652 Par.
640 2599 674 2653 Α,
694 2601 793 2665 (long.
807 2602 856 2659 Α.)
875 2612 929 2653 non
944 2604 1011 2667 imp.
1024 2597 1075 2667 (m.
1091 2603 1185 2668 napea.

156 2683 201 2724 en.
237 2704 244 2722 .

417 2789 430 2814 0

94 2854 113 2895 a
145 2840 285 2902 scriptore
317 2839 442 2889 statuere
473 2837 619 2887 debemus:
661 2836 717 2899 ptis
731 2835 825 2903 (1851,
843 2840 913 2890 iasa.
928 2842 955 2905 2,
972 2854 1000 2892 n.
1016 2839 1059 2906 15,
1077 2857 1103 2905 p.
1118 2844 1188 2905 120)

94 2913 141 2962 siu
162 2911 239 2962 aliud
266 2911 323 2971 est,
357 2909 465 2958 dubium
494 2906 629 2971 reliquia
663 2907 824 2967 acomulo,
841 2909 984 2971 peltarum
1002 2912 1055 2962 aea
1074 2926 1187 2979 rnapna,

96 2991 151 3045 quo
175 2981 205 3030 id
223 2981 291 3044 duae
309 2981 338 3027 et
356 2991 409 3041 qno
428 2978 526 3026 itinere
544 2976 620 3039 Age·
663 2976 786 3037 ipsorum
815 2978 909 3042 lingua
933 2978 1050 3032 Constat
1077 2987 1188 3046 vocato,

39 3092 43 3103 .
96 3052 205 3101 dinoum
231 3050 403 3110 pervenerit.
436 3046 571 3107 superest
591 3043 622 3092 ut
665 3046 773 3095 ductum
803 3060 867 3096 esse
902 3049 999 3110 docet,
1031 3052 1078 3114 qui
1103 3053 1190 3104 Marti

97 3121 317 3183 supplementum
351 3130 376 3166 o.
402 3116 420 3167 7
446 3118 475 3165 et
501 3115 521 3171 9,
544 3125 621 3164 aom·
664 3117 866 3175 eomparaudus
885 3131 945 3167 aum
963 3120 1041 3182 alibi,
1060 3125 1115 3170 tum
1130 3137 1189 3173 ma-

96 3190 289 3250 memoratum,
303 3184 622 3244 acoesareiuierquat-
665 3186 739 3234 xime
762 3187 835 3245 apud
859 3187 961 3237 Remos
987 3192 1016 3238 et
1037 3185 1213 3242 veromam..

96 3263 161 3310 tuor
187 3258 332 3321 legiones,
362 3267 431 3318 noras
449 3255 573 3304 Labieno
594 3250 624 3302 in
667 3256 735 3304 duos
751 3255 1191 3311 etArveruosinhonoretuisse

95 3331 223 3379 Senones
233 3326 410 3388 Parisiosque
423 3325 562 3374 duceudos
573 3323 623 3371 de·-
666 3324 803 3373 videatur.
847 3324 889 3374 cf.
915 3328 1006 3375 zeuss
1031 3330 1079 3379 die
1098 3331 1191 3382 Dent.

99 3398 149 3461 oin
164 3396 349 3459 distributum,
365 3395 511 3445 ababieno
525 3395 625 3456 postea
666 3394 753 3445 senen
777 3393 837 3443 aad
860 3395 908 3446 die
929 3395 1193 3454 Naettarotaimnee

97 3479 200 3519 rursus
223 3468 257 3515 ab
279 3465 322 3514 eia
344 3464 498 3513 seiunctum
517 3467 545 3512 et
562 3464 625 3526 has,
666 3478 694 3527 p.
713 3465 756 3511 33.

99 3538 261 3600 quibuscum
294 3535 431 3583 Ltrtetiam
462 3533 625 3595 proflatam·
660 3581 662 3584 ,
720 3530 749 3592 S.
766 3526 784 3579 4
802 3533 1038 3591 perpetuamesse
1052 3537 1193 3600 paludem]
1248 3574 1251 3581 ,

98 3610 198 3670 batur,
233 3603 359 3666 legiones
383 3605 514 3663 quattuor
537 3603 627 3651 minus
669 3613 725 3654 nou
758 3600 946 3651 intermissam
980 3603 1052 3652 locis
1086 3609 1193 3673 solidis,

99 3678 210 3743 plenas,
228 3686 310 3736 quam
327 3673 562 3734 quasacaesare
577 3673 628 3720 ‹in-
671 3673 769 3733 quinus
801 3671 918 3721 transiri
948 3671 1059 3722 facilius
1091 3682 1195 3738 posset.
1243 3669 1252 3687 ⁸

100 3747 205 3802 oenias
219 3746 376 3805 acceperat,
390 3744 478 3792 tuisse
492 3745 627 3804 putemus.
671 3742 715 3793 Gt.
733 3754 757 3791 o.
775 3741 810 3790 26
828 3738 854 3797 S.
872 3743 904 3790 2:
922 3743 1016 3807 naias,
1035 3756 1108 3808 quae
1124 3759 1197 3810 ppp-

153 3815 212 3876 s.3
229 3814 428 3877 Camulogeno]
447 3813 507 3862 Boo
519 3824 629 3876 nomen,
670 3814 759 3877 petua
772 3809 978 3874 intercedebat,
996 3815 1142 3867 Itonianos
1156 3819 1196 3872 aa

103 3885 185 3938 anias
216 3885 393 3946 penultimam
419 3881 629 3932 Baomstarkius
671 3881 878 3944 insequendam
896 3880 1041 3936 tardabat.

102 3958 168 4009 sine
181 3956 291 4007 ratione
304 3953 416 4018 longam
429 3954 509 4015 facit,
523 3953 631 4002 lieoke-
726 3962 797 4014 quae
822 3951 950 4000 influeret
972 3953 1002 4002 in
1026 3955 1212 4017 Sequanam]

104 4040 167 4090 rus,
185 4026 332 4074 ooureotor
348 4021 584 4086 namnetensis,
600 4019 631 4070 in
673 4023 705 4070 ut
736 4023 818 4070 lacus
848 4023 1007 4073 Lemannus
1038 4025 1068 4074 in
1097 4027 1198 4077 flamen

106 4094 266 4148 Annalibus
289 4093 469 4156 zeitaeirirt
501 4093 556 4159 fiir
585 4089 632 4142 die
674 4090 835 4141 Rhodanum
861 4091 977 4143 induere
1000 4093 1103 4145 dieitur
1120 4098 1154 4159 1,
1179 4093 1199 4146 8

105 4161 498 4230 Atterttmaswissensetafi
530 4159 634 4214 insari-
677 4159 705 4220 s.
721 4163 746 4211 t.
772 4163 876 4215 tamen
889 4162 931 4215 iis
944 4164 1118 4228 potissimum
1131 4177 1199 4218 ner-
