2700 4726
439 245 544 320 nlla.
565 247 649 329 VII.
693 251 883 335 011de
1141 255 1209 333 ,illl

121 435 316 523 [nonJuomo
338 440 418 505 tunc
443 436 578 527 quidem
602 443 794 515 necessario
815 408 1007 509 faciundum
1031 442 1207 512 existima-

154 629 202 679 Dr.
221 629 253 677 A.
271 627 350 677 Vrot.
366 628 421 683 nd.
443 631 522 685 Gotb.
542 633 570 683 ll.
591 634 686 684 llomb.
704 633 759 687 inc.
777 634 807 685 td
825 633 921 695 reliqui
940 634 1007 692 oud.
1028 634 1061 684 v.
1077 627 1108 683 C.
1128 632 1204 687 Dion.

152 698 237 755 voss,
261 698 343 761 Boog.
362 699 391 750 c.
410 699 457 751 Dr.
475 700 505 749 Β.
525 703 603 754 Vrat.
622 704 652 752 lt.
671 704 750 755 Goth.
769 708 803 754 A.
821 704 902 754 vind.
925 699 955 753 C.
976 703 1035 754 edd.
1054 706 1117 752 ante
1136 703 1205 754 0nd.

152 766 256 817 Deinde
272 779 353 818 nemo
372 770 442 818 tunc
459 770 572 832 quidem
592 766 654 825 Vos.
673 772 721 823 Ox.
741 772 812 824 flav.
832 774 865 823 Α.
883 773 964 822 vind.
982 775 1016 821 A.
1036 785 1072 822 ne
1091 772 1205 837 quidem
1234 768 1238 777 '

152 836 234 886 vind.
255 834 288 886 F.
313 849 350 886 ne
374 840 435 889 tom
459 839 573 902 quidem
600 843 662 909 Ald.
688 844 715 891 et
738 854 794 905 sqq.
821 854 906 905 usque
931 843 966 891 ad
984 840 1052 891 ond.
1070 854 1106 891 ne
1126 844 1205 903 metu

152 905 267 971 quidem
291 907 351 959 edd.
371 916 434 957 ante
454 910 515 959 Ald.
533 915 561 960 et
579 921 673 972 margo
692 912 776 961 Vane.
794 907 844 978 (m.
867 908 969 976 Frell.)
986 924 1047 960 cnm
1065 911 1129 961 Par.
1147 912 1167 959 lt
1185 922 1205 962 a

151 987 188 1025 m.
207 988 264 1024 sec.
283 983 311 1024 et
328 976 442 1046 reliquis
458 978 616 1044 codicibus,
648 992 807 1042 quamquain
826 982 859 1030 de
880 981 962 1042 liung.
981 966 1014 1029 l.
1037 980 1142 1029 dubitat
1160 979 1202 1032 ΡΙ.

151 1047 270 1096 nemotu
296 1057 321 1109 q.
348 1056 383 1094 an
410 1049 525 1099 nemeto
548 1061 573 1113 q.
597 1047 733 1101 exhibeat.
768 1051 884 1099 Aldinae
910 1047 1019 1099 lectioni
1039 1048 1202 1099 ciacconius

150 1115 220 1163 banc
238 1114 436 1165 adnotationem
453 1117 569 1168 adiecit:
587 1117 689 1181 Forte,
707 1121 782 1183 quod
799 1119 843 1169 illi
859 1121 921 1169 tum
937 1118 1053 1184 quidam
1069 1130 1203 1168 necessa·

149 1183 197 1233 rio
216 1183 382 1250 faciendum
399 1184 612 1250 existimabunt,
632 1188 688 1251 vel,
707 1188 850 1253 qnoniam.
870 1189 902 1236 V.
919 1188 948 1239 c·
964 1188 1055 1253 babet,
1071 1189 1106 1237 ct
1118 1198 1202 1238 nemo

149 1254 231 1305 tunc.
249 1261 289 1318 ιιι,
307 1266 389 1304 nemo
405 1267 479 1322 non,
497 1258 555 1322 vel,
571 1269 629 1306 noo
645 1270 738 1320 nemo,
758 1259 898 1322 legendum
916 1257 1051 1306 videatur.
1087 1255 1202 1319 ciacco-

151 1322 226 1373 nium
249 1332 360 1373 secutus
385 1322 465 1374 Oud.'
476 1337 549 1390 mon,
579 1327 649 1388 qnod
667 1336 729 1376 ante
746 1329 809 1377 tum
827 1328 953 1376 excidere
971 1325 1054 1376 tacite
1072 1324 1200 1388 potuerit,

150 1401 215 1454 post
232 1405 314 1442 nemo
335 1391 437 1442 inserto
455 1396 489 1443 ut
505 1407 588 1446 uerno
605 1408 663 1444 oon
683 1398 745 1445 tom
765 1396 879 1460 quidem
895 1393 986 1444 edidit.
1022 1392 1124 1444 contra
1142 1391 1207 1445 Da·'

151 1460 240 1511 visiun
258 1460 288 1509 td
306 1473 364 1510 cum
384 1463 520 1522 prioribus
538 1474 633 1514 tenens
650 1466 678 1512 et
695 1465 823 1517 maiorem
840 1468 903 1526 post
920 1462 1099 1527 impediebat,
1119 1474 1202 1525 quam

150 1533 212 1591 post
228 1530 415 1582 existimabat
433 1533 678 1592 interpunctionem
696 1534 826 1585 adhibens
844 1535 871 1583 in
890 1533 971 1585 Coris
992 1546 1049 1582 sec.
1066 1533 1097 1599 id
1114 1531 1201 1582 mtnt-
1265 1587 1273 1598 ,

150 1611 196 1649 me
214 1601 276 1650 tom
295 1599 407 1664 quidem
423 1614 485 1652 noc.
506 1604 564 1670 foc.
584 1604 672 1653 emisi.
702 1603 852 1665 scripsisse
871 1604 1015 1654 caesarem
1035 1600 1155 1666 iudicat,
1171 1600 1201 1652 io
1286 1641 1289 1645 .

151 1680 206 1730 qua
221 1671 361 1731 scripturo
377 1683 455 1727 cum,
474 1674 544 1732 quod
561 1670 698 1735 sequitur,
717 1683 771 1721 non
787 1675 822 1721 ad
840 1671 956 1722 interius
976 1674 1038 1722 tum
1055 1673 1119 1720 ante
1137 1683 1202 1721 rito-

150 1737 236 1789 c‘ime*
251 1738 377 1802 positum,
395 1742 443 1795 sed
461 1741 495 1789 ad
514 1741 640 1802 superius
653 1745 716 1790 ante
735 1742 849 1803 quidem
865 1742 1036 1791 referendum
1051 1747 1105 1804 est,
1121 1736 1202 1803 quasi

149 1807 311 1858 Germanice
337 1808 412 1858 dicus
436 1810 481 1863 bod
508 1809 607 1876 qloubte
632 1823 657 1864 et
676 1809 823 1877 leiuecueqa
842 1824 872 1879 qo
892 1810 956 1864 oinct
973 1811 1028 1871 seit
1045 1808 1201 1875 ootbtoenbip
1227 1825 1231 1840 ·

149 1877 214 1946 tboo
231 1889 261 1945 qu
279 1875 380 1944 mittio,
397 1890 435 1932 too
453 1878 490 1932 bie
508 1879 623 1945 &dicabo
637 1904 674 1914 —
691 1885 717 1933 et
734 1879 825 1933 oetbot.
862 1877 949 1941 Atque
965 1891 997 1928 eu
1013 1891 1095 1926 sensu
1110 1878 1201 1926 baeli-

149 1948 212 1995 nius
238 1946 319 1995 etiarn
345 1960 405 1995 cum
429 1948 565 1997 codicibus
592 1948 622 1997 td
641 1961 722 1997 uerno
741 1947 818 1998 bunc
836 1947 950 2012 quidem
968 1947 1088 1996 scribere
1107 1943 1202 2006 potuit.
1230 1944 1234 1949 '

150 2016 195 2065 cui
208 2015 392 2078 itlbcrlingius
409 2017 513 2066 nullum
530 2027 639 2066 sonsum
650 2016 743 2066 inesse
757 2018 879 2078 putabat,
897 2017 1041 2066 Diiboerns
1055 2026 1122 2063 vero
1136 2015 1202 2080 item

150 2083 258 2134 codices
283 2097 400 2148 sequens
421 2085 452 2134 id
475 2098 512 2136 nc
534 2088 615 2137 metu
639 2086 752 2150 quidem
777 2087 887 2146 scripsit
907 2088 935 2134 et
952 2081 1114 2135 iieoecocrio
1133 2084 1203 2132 dans

149 2154 177 2204 lc
195 2165 245 2204 cas
263 2154 289 2202 le
307 2155 368 2214 plus
385 2158 493 2220 urgent,
509 2165 575 2205 com
592 2158 660 2206 dans
678 2168 713 2203 un
731 2158 818 2214 temps
837 2149 872 2205 ori
890 2154 1083 2214 interpretatus
1097 2151 1203 2201 caesa·

149 2235 208 2273 rem
227 2225 352 2272 nemeto
373 2223 479 2286 quidem
499 2231 528 2273 ut
546 2223 644 2274 iterio
665 2222 833 2284 provinciam
852 2225 1040 2285 converteret,
1058 2221 1203 2270 adductum

149 2292 224 2342 iecit.
267 2290 375 2341 Davisii
400 2291 498 2342 rationi
528 2297 638 2356 praeter
662 2305 739 2342 usum
765 2304 830 2342 oum
856 2293 1008 2353 particulae
1035 2301 1089 2340 uon
1113 2290 1202 2339 solum

148 2362 313 2413 necessario
333 2361 499 2426 adverbium,
518 2363 566 2411 sed
584 2361 666 2411 etiam
683 2364 734 2411 lroc
752 2362 853 2426 obstat,
872 2361 941 2422 qdod
959 2371 1011 2409 non
1030 2357 1201 2422 intelligitur,

149 2443 230 2494 quam
259 2432 294 2478 ob
324 2442 436 2479 cansam
460 2431 568 2482 consilii
594 2430 767 2482 commutatio
793 2439 821 2479 ct
845 2428 956 2481 itineris
978 2429 1008 2478 in
1033 2427 1201 2490 provinciam
1282 2470 1287 2481 ,

149 2499 295 2550 conversio
315 2511 374 2548 cum
392 2500 500 2549 omuino
518 2503 725 2550 commemorata
745 2513 763 2552 a
780 2498 931 2563 scriptore,
948 2507 1001 2547 tum
1020 2509 1073 2547 non
1092 2495 1200 2557 simpli-

150 2569 235 2634 clter,
263 2571 310 2618 sed
329 2582 377 2629 per
396 2567 538 2620 circuitum
557 2571 592 2619 sit
612 2570 760 2625 enuntiata„
795 2569 943 2619 Praeterea
961 2567 1082 2616 codicum
1101 2566 1200 2618 aucto-

148 2638 218 2689 ritas
236 2639 270 2688 ιιι
288 2638 398 2688 servari
415 2639 499 2702 iubet,
519 2652 569 2702 quo
587 2641 661 2689 iacto
678 2639 851 2702 negationem
869 2640 967 2687 deesse
984 2640 1067 2698 patet.
1104 2635 1199 2698 ltaque

150 2721 210 2758 cum
229 2709 296 2757 0ud.
316 2707 491 2757 ciacconium
510 2716 620 2758 secutus
637 2722 705 2774 uon,
724 2711 771 2757 sed
791 2707 818 2757 id
835 2715 897 2758 ante
915 2718 997 2757 nemo
1015 2704 1118 2754 inserui
1133 2716 1199 2764 pro-

149 2784 260 2840 pterea,
291 2777 359 2838 quod
385 2777 523 2827 nonnullis
543 2789 650 2837 eorum,
680 2777 841 2839 quibuscum
866 2776 970 2826 Caesar
999 2773 1200 2824 communicato

148 2846 265 2896 consilia
283 2847 395 2908 soleret,
413 2845 450 2912 id,
470 2846 539 2909 quod
557 2845 610 2906 ipsi
626 2846 763 2896 infamiam
783 2855 810 2893 eo
828 2845 1015 2907 indignitatem
1033 2846 1059 2892 et
1074 2853 1199 2904 magnam

147 2916 336 2965 difficultatem
363 2916 465 2965 babere
489 2914 640 2977 videretur,
671 2913 828 2967 necessario
852 2914 1006 2964 iaciendum
1028 2910 1117 2961 visum
1135 2922 1199 2959 esse

148 2984 327 3033 verisimilius
343 2987 400 3046 est,
425 2995 505 3046 qnam
523 2983 655 3034 omnibns.
690 2983 821 3034 Similiter
838 2991 934 3034 auctor
953 2985 977 3031 b.
998 2980 1058 3031 Air.
1076 2981 1111 3029 ab
1130 2979 1200 3029 odd.

148 3051 250 3104 citatus
268 3067 292 3104 o.
307 3057 324 3102 3
340 3055 366 3116 s.
385 3049 417 3102 4:
435 3053 586 3104 Nonoemo
599 3055 698 3114 culpae
716 3052 778 3103 eiua
789 3053 1049 3114 inprudenttueque
1060 3048 1200 3112 odsiqnu-

148 3123 213 3185 bat,
245 3124 321 3184 quod
344 3135 437 3186 neque
460 3132 512 3172 etc.
552 3121 653 3171 Deinde
673 3123 743 3171 tuno
763 3135 798 3170 ex
811 3121 845 3170 iis
863 3120 1003 3171 codicibus
1022 3117 1129 3181 recepi,
1153 3113 1200 3178 qui

148 3205 230 3244 necno
249 3192 382 3256 integrum
400 3192 541 3256 praebent.
578 3190 618 3240 ct.
641 3192 704 3240 adn.
723 3204 763 3240 cr.
782 3192 817 3239 ad
834 3202 857 3240 c.
878 3185 990 3249 1154
1009 3196 1037 3235 et
1055 3188 1134 3236 Alex.
1152 3184 1200 3250 67,

149 3265 176 3324 1;
193 3261 239 3310 ubi
257 3265 328 3312 tunc
346 3260 459 3325 quidem
476 3263 559 3324 vulgo
577 3260 688 3321 legitor.
724 3260 770 3311 Ne
784 3263 845 3309 ium
859 3260 972 3323 quidem
987 3258 1092 3307 certum
1109 3250 1201 3305 locum

149 3332 231 3380 babet
249 3331 278 3393 1,
290 3348 292 3357 ¹
304 3331 339 3382 50
358 3332 384 3400 §.
402 3333 418 3380 2
437 3334 465 3380 et
481 3333 517 3397 7,
542 3330 576 3382 53
595 3328 622 3390 S.
639 3325 666 3378 4.
701 3329 771 3382 Non
790 3341 873 3381 nemo
891 3333 920 3378 et
936 3330 1007 3378 tuno
1026 3325 1108 3375 etiam
1126 3324 1200 3375 ller-

145 3400 244 3463 zogins
262 3402 400 3461 praetulit.

184 3466 354 3535 faciundum]
384 3469 426 3518 lta
445 3468 514 3518 ond.
536 3466 727 3533 „auctoritate
754 3467 837 3529 liung.
862 3478 904 3528 pr.
922 3465 1005 3513 voss.
1031 3474 1072 3524 pr.
1091 3461 1199 3514 Lovan.

150 3539 249 3593 Petav.
271 3540 347 3603 ligur.
373 3545 400 3588 ct
425 3539 568 3590 multorum
594 3538 709 3590 aliorum
733 3548 767 3586 ac
792 3533 1049 3596 Eddsprimarum,
1080 3529 1200 3582 vescor·

109 3710 173 3762 eius
187 3710 238 3772 rei,
255 3721 334 3771 quam
348 3708 461 3759 infamia
473 3712 501 3760 et
511 3709 640 3775 reliquae>
678 3721 732 3758 nen
745 3708 857 3759 Marsolr
872 3704 982 3755 zur-ticli
1001 3704 1071 3753 nauli
1088 3705 1137 3752 der
1151 3701 1200 3752 rii·

113 3791 217 3831 causae
231 3779 363 3842 impedire
377 3780 514 3844 dicuntur,
527 3781 637 3829 dissert·
678 3778 801 3829 misclren
820 3776 946 3826 Provinz
965 3773 1073 3822 ricbten
1091 3773 1200 3838 colite,

115 3850 204 3911 titque
223 3844 257 3899 ab'
278 3850 323 3912 iis,
342 3849 438 3910 quint
455 3851 480 3898 ir.
497 3850 516 3897 1.
533 3862 636 3900 conce·
679 3861 711 3899 so
740 3846 857 3897 standon
880 3844 936 3894 ilum
959 3846 1012 3892 etc.
1036 3843 1072 3891 irn
1095 3841 1204 3909 Wego,

114 3919 205 3969 deuotis
215 3933 278 3969 esse
287 3932 370 3980 posse
378 3921 485 3980 putant,
497 3921 528 3967 ut
535 3920 636 3969 Baum·
679 3930 734 3969 non
750 3920 793 3983 ut,
812 3915 861 3964 sed
879 3916 904 3965 si
921 3914 1130 3980 interpretatur,
1147 3913 1201 3961 im-

111 3989 239 4040 starkius
252 3993 280 4039 et
289 3989 413 4052 lleldius,
426 4002 540 4050 qnorum
555 3991 638 4052 alter,
678 3987 803 4050 perfecto
830 3983 1001 4034 coniunctivi
1029 3985 1120 4033 autem
1144 3980 1202 4032 vim

111 4059 160 4120 qui
188 4060 389 4121 interpretatur
419 4057 498 4108 Denn
525 4061 637 4124 pesetzt
679 4056 802 4107 tribuens
818 4055 907 4107 futuri
924 4065 973 4104 eos
990 4053 1069 4103 locos
1088 4062 1202 4113 compa-

109 4130 195 4197 dass,
218 4130 274 4197 frit·
291 4128 513 4184 docibilitatis
531 4142 562 4183 cr
579 4129 636 4191 sei·
679 4128 741 4194 rat,
759 4126 908 4199 iocundum
925 4135 994 4188 quos
1012 4135 1067 4175 non
1086 4121 1153 4173 daso
1171 4132 1203 4171 er
