<?xml version="1.0" encoding="UTF-8"?>
<!DOCTYPE html PUBLIC "-//W3C//DTD XHTML 1.0 Transitional//EN"
    "http://www.w3.org/TR/xhtml1/DTD/xhtml1-transitional.dtd">
<html xmlns="http://www.w3.org/1999/xhtml" xml:lang="en" lang="en">
 <head>
  <title>
</title>
<meta http-equiv="Content-Type" content="text/html;charset=utf-8" />
  <meta name='ocr-system' content='tesseract 3.04.00' />
  <meta name='ocr-capabilities' content='ocr_page ocr_carea ocr_par ocr_line ocrx_word'/>
</head>
<body>
  <div class='ocr_page' id='page_1' title='image "./commentariidebe00schngoog_0269.png"; bbox 0 0 2700 4726; ppageno 0'>
   <div class='ocr_carea' id='block_1_1' title="bbox 183 268 1127 376">
    <p class='ocr_par' dir='ltr' id='par_1_1' title="bbox 183 268 1127 376">
     <span class='ocr_line' id='line_1_1' title="bbox 183 268 1127 376; baseline -0.008 -22"><span class='ocrx_word' id='word_1_1' title='bbox 183 282 281 354; x_wconf 83' lang='lat' dir='ltr'><strong>·sso</strong></span> <span class='ocrx_word' id='word_1_2' title='bbox 481 277 554 347; x_wconf 84' lang='lat' dir='ltr'><strong>nn</strong></span> <span class='ocrx_word' id='word_1_3' title='bbox 579 275 760 347; x_wconf 77' lang='lat' dir='ltr'><strong>nonno</strong></span> <span class='ocrx_word' id='word_1_4' title='bbox 789 268 1044 350; x_wconf 71' lang='lat' dir='ltr'><strong>scenico</strong></span> <span class='ocrx_word' id='word_1_5' title='bbox 1121 336 1127 376; x_wconf 24' lang='grc' dir='ltr'><strong><em>ζ</em></strong></span> 
     </span>
    </p>
   </div>
   <div class='ocr_carea' id='block_1_2' title="bbox 174 464 1306 821">
    <p class='ocr_par' dir='ltr' id='par_1_2' title="bbox 174 464 1306 821">
     <span class='ocr_line' id='line_1_2' title="bbox 215 464 1306 562; baseline -0.003 -24"><span class='ocrx_word' id='word_1_6' title='bbox 215 475 372 562; x_wconf 76' lang='lat' dir='ltr'><strong>possent,</strong></span> <span class='ocrx_word' id='word_1_7' title='bbox 392 473 432 532; x_wconf 90' lang='lat' dir='ltr'><strong>nt</strong></span> <span class='ocrx_word' id='word_1_8' title='bbox 445 467 579 535; x_wconf 87' lang='lat' dir='ltr'><strong>censuit</strong></span> <span class='ocrx_word' id='word_1_9' title='bbox 592 464 868 552; x_wconf 74' lang='lat' dir='ltr'><strong>Vercingetorix,</strong></span> <span class='ocrx_word' id='word_1_10' title='bbox 888 466 1119 536; x_wconf 80' lang='lat' dir='ltr'><strong>convocandos</strong></span> <span class='ocrx_word' id='word_1_11' title='bbox 1135 475 1306 550; x_wconf 72' lang='lat' dir='ltr'><strong>statuunt,</strong></span> 
     </span>
     <span class='ocr_line' id='line_1_3' title="bbox 216 554 1304 644; baseline -0.002 -19"><span class='ocrx_word' id='word_1_12' title='bbox 216 558 275 625; x_wconf 85' lang='lat' dir='ltr'><strong>esd</strong></span> <span class='ocrx_word' id='word_1_13' title='bbox 303 564 432 623; x_wconf 87' lang='lat' dir='ltr'><strong>certum</strong></span> <span class='ocrx_word' id='word_1_14' title='bbox 461 577 636 623; x_wconf 86' lang='lat' dir='ltr'><strong>nnmerum</strong></span> <span class='ocrx_word' id='word_1_15' title='bbox 667 556 789 643; x_wconf 85' lang='lat' dir='ltr'><strong>cuique</strong></span> <span class='ocrx_word' id='word_1_16' title='bbox 816 555 948 622; x_wconf 83' lang='lat' dir='ltr'><strong>civitati</strong></span> <span class='ocrx_word' id='word_1_17' title='bbox 978 554 1233 644; x_wconf 81' lang='lat' dir='ltr'><strong>imperandum,</strong></span> <span class='ocrx_word' id='word_1_18' title='bbox 1263 580 1304 623; x_wconf 87' lang='lat' dir='ltr'><strong>ne</strong></span> 
     </span>
     <span class='ocr_line' id='line_1_4' title="bbox 217 642 1305 712; baseline -0.002 0"><span class='ocrx_word' id='word_1_19' title='bbox 217 654 311 712; x_wconf 83' lang='lat' dir='ltr'><strong>teuto</strong></span> <span class='ocrx_word' id='word_1_20' title='bbox 334 642 551 708; x_wconf 83' lang='lat' dir='ltr'><strong>multitudiue</strong></span> <span class='ocrx_word' id='word_1_21' title='bbox 572 643 711 709; x_wconf 78' lang='lat' dir='ltr'><strong>confusa</strong></span> <span class='ocrx_word' id='word_1_22' title='bbox 742 666 802 709; x_wconf 89' lang='lat' dir='ltr'><strong>nec</strong></span> <span class='ocrx_word' id='word_1_23' title='bbox 832 642 1000 709; x_wconf 83' lang='lat' dir='ltr'><strong>moderari</strong></span> <span class='ocrx_word' id='word_1_24' title='bbox 1024 667 1085 710; x_wconf 90' lang='lat' dir='ltr'><strong>nec</strong></span> <span class='ocrx_word' id='word_1_25' title='bbox 1109 644 1305 710; x_wconf 84' lang='lat' dir='ltr'><strong>discernere</strong></span> 
     </span>
     <span class='ocr_line' id='line_1_5' title="bbox 174 731 1305 821; baseline 0.001 -24"><span class='ocrx_word' id='word_1_26' title='bbox 174 740 298 803; x_wconf 66' lang='lat' dir='ltr'><strong>tenos</strong></span> <span class='ocrx_word' id='word_1_27' title='bbox 320 754 380 797; x_wconf 91' lang='lat' dir='ltr'><strong>nec</strong></span> <span class='ocrx_word' id='word_1_28' title='bbox 403 731 563 796; x_wconf 78' lang='lat' dir='ltr'><strong>irnnenti</strong></span> <span class='ocrx_word' id='word_1_29' title='bbox 585 731 749 799; x_wconf 81' lang='lat' dir='ltr'><strong>rationem</strong></span> <span class='ocrx_word' id='word_1_30' title='bbox 777 731 901 796; x_wconf 83' lang='lat' dir='ltr'><strong>habere</strong></span> <span class='ocrx_word' id='word_1_31' title='bbox 929 740 1080 818; x_wconf 76' lang='lat' dir='ltr'><strong>possent.</strong></span> <span class='ocrx_word' id='word_1_32' title='bbox 1128 731 1305 821; x_wconf 75' lang='lat' dir='ltr'><strong>Imperant</strong></span> 
     </span>
    </p>
   </div>
   <div class='ocr_carea' id='block_1_3' title="bbox 139 921 1307 2156">
    <p class='ocr_par' dir='ltr' id='par_1_3' title="bbox 139 921 1307 2156">
     <span class='ocr_line' id='line_1_6' title="bbox 251 921 1304 991; baseline 0.003 -17"><span class='ocrx_word' id='word_1_33' title='bbox 251 926 345 976; x_wconf 75' lang='lat' dir='ltr'><strong>rates</strong></span> <span class='ocrx_word' id='word_1_34' title='bbox 377 925 461 981; x_wconf 88' lang='lat' dir='ltr'><strong>(unns</strong></span> <span class='ocrx_word' id='word_1_35' title='bbox 486 921 564 972; x_wconf 75' lang='lat' dir='ltr'><strong>heio.</strong></span> <span class='ocrx_word' id='word_1_36' title='bbox 585 923 619 971; x_wconf 82' lang='lat' dir='ltr'><strong>A.</strong></span> <span class='ocrx_word' id='word_1_37' title='bbox 643 921 721 985; x_wconf 71' lang='lat' dir='ltr'><strong>opud</strong></span> <span class='ocrx_word' id='word_1_38' title='bbox 746 923 849 985; x_wconf 82' lang='lat' dir='ltr'><strong>hebet.)</strong></span> <span class='ocrx_word' id='word_1_39' title='bbox 879 923 913 984; x_wconf 76' lang='lat'><strong>3,</strong></span> <span class='ocrx_word' id='word_1_40' title='bbox 935 925 972 974; x_wconf 79' lang='lat'><strong>62</strong></span> <span class='ocrx_word' id='word_1_41' title='bbox 997 922 1026 984; x_wconf 74' lang='lat' dir='ltr'><strong>S.</strong></span> <span class='ocrx_word' id='word_1_42' title='bbox 1047 924 1081 974; x_wconf 75' lang='lat'><strong>8:</strong></span> <span class='ocrx_word' id='word_1_43' title='bbox 1110 936 1242 991; x_wconf 74' lang='lat' dir='ltr'><strong>puuepue</strong></span> <span class='ocrx_word' id='word_1_44' title='bbox 1267 927 1304 977; x_wconf 73' lang='lat' dir='ltr'><strong>od</strong></span> 
     </span>
     <span class='ocr_line' id='line_1_7' title="bbox 252 990 1307 1058; baseline 0.004 -16"><span class='ocrx_word' id='word_1_45' title='bbox 252 992 470 1055; x_wconf 62' lang='lat' dir='ltr'><strong>Dyrrhachium</strong></span> <span class='ocrx_word' id='word_1_46' title='bbox 484 1004 575 1042; x_wconf 80' lang='lat' dir='ltr'><strong>ncces</strong></span> <span class='ocrx_word' id='word_1_47' title='bbox 591 990 835 1056; x_wconf 65' lang='lat' dir='ltr'><strong>conquiescat.</strong></span> <span class='ocrx_word' id='word_1_48' title='bbox 868 992 899 1039; x_wconf 91' lang='lat' dir='ltr'><strong>ut</strong></span> <span class='ocrx_word' id='word_1_49' title='bbox 915 993 986 1042; x_wconf 84' lang='lat' dir='ltr'><strong>eiioe</strong></span> <span class='ocrx_word' id='word_1_50' title='bbox 1001 995 1078 1044; x_wconf 88' lang='lat' dir='ltr'><strong>iocos</strong></span> <span class='ocrx_word' id='word_1_51' title='bbox 1094 994 1237 1058; x_wconf 73' lang='lat' dir='ltr'><strong>omittere,</strong></span> <span class='ocrx_word' id='word_1_52' title='bbox 1261 996 1307 1058; x_wconf 80' lang='lat' dir='ltr'><strong>qni</strong></span> 
     </span>
     <span class='ocr_line' id='line_1_8' title="bbox 252 1060 1304 1127; baseline 0.001 -14"><span class='ocrx_word' id='word_1_53' title='bbox 252 1063 355 1127; x_wconf 83' lang='lat' dir='ltr'><strong>puriter</strong></span> <span class='ocrx_word' id='word_1_54' title='bbox 380 1061 552 1111; x_wconf 80' lang='lat' dir='ltr'><strong>econicihus</strong></span> <span class='ocrx_word' id='word_1_55' title='bbox 568 1060 639 1110; x_wconf 79' lang='lat' dir='ltr'><strong>firmi</strong></span> <span class='ocrx_word' id='word_1_56' title='bbox 655 1073 708 1111; x_wconf 91' lang='lat' dir='ltr'><strong>non</strong></span> <span class='ocrx_word' id='word_1_57' title='bbox 725 1061 814 1111; x_wconf 78' lang='lat' dir='ltr'><strong>minus</strong></span> <span class='ocrx_word' id='word_1_58' title='bbox 829 1061 908 1123; x_wconf 74' lang='lat' dir='ltr'><strong>opud</strong></span> <span class='ocrx_word' id='word_1_59' title='bbox 929 1062 1153 1122; x_wconf 73' lang='lat' dir='ltr'><strong>praepositionem</strong></span> <span class='ocrx_word' id='word_1_60' title='bbox 1173 1064 1304 1116; x_wconf 76' lang='lat' dir='ltr'><strong>sonipe-</strong></span> 
     </span>
     <span class='ocr_line' id='line_1_9' title="bbox 253 1129 1304 1194; baseline 0.002 -12"><span class='ocrx_word' id='word_1_61' title='bbox 253 1135 328 1182; x_wconf 78' lang='lat' dir='ltr'><strong>nant</strong></span> <span class='ocrx_word' id='word_1_62' title='bbox 365 1133 439 1180; x_wconf 86' lang='lat' dir='ltr'><strong>iieec</strong></span> <span class='ocrx_word' id='word_1_63' title='bbox 455 1130 525 1179; x_wconf 86' lang='lat' dir='ltr'><strong>enin</strong></span> <span class='ocrx_word' id='word_1_64' title='bbox 546 1129 628 1179; x_wconf 83' lang='lat' dir='ltr'><strong>istius</strong></span> <span class='ocrx_word' id='word_1_65' title='bbox 645 1138 759 1193; x_wconf 84' lang='lat' dir='ltr'><strong>putens,</strong></span> <span class='ocrx_word' id='word_1_66' title='bbox 779 1141 860 1192; x_wconf 79' lang='lat' dir='ltr'><strong>quen</strong></span> <span class='ocrx_word' id='word_1_67' title='bbox 877 1130 932 1192; x_wconf 75' lang='lat' dir='ltr'><strong>od,</strong></span> <span class='ocrx_word' id='word_1_68' title='bbox 951 1133 1056 1181; x_wconf 88' lang='lat' dir='ltr'><strong>etcum</strong></span> <span class='ocrx_word' id='word_1_69' title='bbox 1074 1132 1304 1194; x_wconf 74' lang='lat' dir='ltr'><strong>propinquitatem</strong></span> 
     </span>
     <span class='ocr_line' id='line_1_10' title="bbox 252 1199 1305 1265; baseline 0 -11"><span class='ocrx_word' id='word_1_70' title='bbox 252 1202 376 1264; x_wconf 86' lang='lat' dir='ltr'><strong>omnino,</strong></span> <span class='ocrx_word' id='word_1_71' title='bbox 394 1211 449 1249; x_wconf 83' lang='lat' dir='ltr'><strong>tum</strong></span> <span class='ocrx_word' id='word_1_72' title='bbox 467 1211 544 1260; x_wconf 78' lang='lat' dir='ltr'><strong>eum,</strong></span> <span class='ocrx_word' id='word_1_73' title='bbox 563 1211 633 1260; x_wconf 84' lang='lat' dir='ltr'><strong>quoe</strong></span> <span class='ocrx_word' id='word_1_74' title='bbox 650 1199 887 1263; x_wconf 80' lang='lat' dir='ltr'><strong>appropinquando</strong></span> <span class='ocrx_word' id='word_1_75' title='bbox 904 1199 1004 1251; x_wconf 78' lang='lat' dir='ltr'><strong>effecte</strong></span> <span class='ocrx_word' id='word_1_76' title='bbox 1020 1209 1080 1265; x_wconf 85' lang='lat' dir='ltr'><strong>est,</strong></span> <span class='ocrx_word' id='word_1_77' title='bbox 1105 1203 1153 1250; x_wconf 74' lang='lat' dir='ltr'><strong>sesi</strong></span> <span class='ocrx_word' id='word_1_78' title='bbox 1171 1203 1241 1252; x_wconf 78' lang='lat' dir='ltr'><strong>neue</strong></span> <span class='ocrx_word' id='word_1_79' title='bbox 1260 1217 1305 1254; x_wconf 93' lang='lat' dir='ltr'><strong>re-</strong></span> 
     </span>
     <span class='ocr_line' id='line_1_11' title="bbox 253 1266 1304 1337; baseline 0 -14"><span class='ocrx_word' id='word_1_80' title='bbox 253 1275 327 1324; x_wconf 82' lang='lat' dir='ltr'><strong>note</strong></span> <span class='ocrx_word' id='word_1_81' title='bbox 342 1268 460 1321; x_wconf 84' lang='lat' dir='ltr'><strong>sotionis</strong></span> <span class='ocrx_word' id='word_1_82' title='bbox 476 1267 622 1317; x_wconf 80' lang='lat' dir='ltr'><strong>efficientis</strong></span> <span class='ocrx_word' id='word_1_83' title='bbox 639 1266 749 1319; x_wconf 89' lang='lat' dir='ltr'><strong>notione</strong></span> <span class='ocrx_word' id='word_1_84' title='bbox 767 1267 927 1330; x_wconf 76' lang='lat' dir='ltr'><strong>significans</strong></span> <span class='ocrx_word' id='word_1_85' title='bbox 944 1269 1042 1332; x_wconf 78' lang='lat' dir='ltr'><strong>unique</strong></span> <span class='ocrx_word' id='word_1_86' title='bbox 1058 1283 1108 1331; x_wconf 88' lang='lat' dir='ltr'><strong>pro</strong></span> <span class='ocrx_word' id='word_1_87' title='bbox 1121 1269 1173 1321; x_wconf 79' lang='lat' dir='ltr'><strong>iiie</strong></span> <span class='ocrx_word' id='word_1_88' title='bbox 1191 1273 1304 1337; x_wconf 82' lang='lat' dir='ltr'><strong>propin-</strong></span> 
     </span>
     <span class='ocr_line' id='line_1_12' title="bbox 252 1337 1305 1408; baseline 0.002 -18"><span class='ocrx_word' id='word_1_89' title='bbox 252 1341 382 1405; x_wconf 75' lang='lat' dir='ltr'><strong>quitatem</strong></span> <span class='ocrx_word' id='word_1_90' title='bbox 406 1339 479 1389; x_wconf 79' lang='lat' dir='ltr'><strong>motu</strong></span> <span class='ocrx_word' id='word_1_91' title='bbox 496 1337 618 1387; x_wconf 77' lang='lat' dir='ltr'><strong>effectum</strong></span> <span class='ocrx_word' id='word_1_92' title='bbox 637 1348 745 1400; x_wconf 84' lang='lat' dir='ltr'><strong>unoque</strong></span> <span class='ocrx_word' id='word_1_93' title='bbox 761 1341 861 1388; x_wconf 85' lang='lat' dir='ltr'><strong>notun</strong></span> <span class='ocrx_word' id='word_1_94' title='bbox 880 1338 968 1400; x_wconf 87' lang='lat' dir='ltr'><strong>ipsun</strong></span> <span class='ocrx_word' id='word_1_95' title='bbox 984 1339 1156 1401; x_wconf 68' lang='lat' dir='ltr'><strong>significante</strong></span> <span class='ocrx_word' id='word_1_96' title='bbox 1172 1342 1305 1408; x_wconf 77' lang='lat' dir='ltr'>adhiberi,</span> 
     </span>
     <span class='ocr_line' id='line_1_13' title="bbox 253 1405 1305 1474; baseline 0.001 -14"><span class='ocrx_word' id='word_1_97' title='bbox 253 1409 399 1463; x_wconf 71' lang='lat' dir='ltr'><strong>nistcntise</strong></span> <span class='ocrx_word' id='word_1_98' title='bbox 414 1415 523 1470; x_wconf 79' lang='lat' dir='ltr'><strong>eutem,</strong></span> <span class='ocrx_word' id='word_1_99' title='bbox 547 1416 615 1467; x_wconf 84' lang='lat' dir='ltr'><strong>quae</strong></span> <span class='ocrx_word' id='word_1_100' title='bbox 637 1405 666 1456; x_wconf 88' lang='lat' dir='ltr'><strong>in</strong></span> <span class='ocrx_word' id='word_1_101' title='bbox 683 1407 881 1469; x_wconf 74' lang='lat' dir='ltr'><strong>propinquitate</strong></span> <span class='ocrx_word' id='word_1_102' title='bbox 900 1408 946 1457; x_wconf 87' lang='lat' dir='ltr'><strong>vei</strong></span> <span class='ocrx_word' id='word_1_103' title='bbox 965 1408 1055 1458; x_wconf 82' lang='lat' dir='ltr'><strong>muior</strong></span> <span class='ocrx_word' id='word_1_104' title='bbox 1079 1410 1126 1458; x_wconf 86' lang='lat' dir='ltr'><strong>vei</strong></span> <span class='ocrx_word' id='word_1_105' title='bbox 1145 1409 1234 1460; x_wconf 85' lang='lat' dir='ltr'><strong>minor</strong></span> <span class='ocrx_word' id='word_1_106' title='bbox 1253 1418 1305 1474; x_wconf 88' lang='lat' dir='ltr'><strong>est,</strong></span> 
     </span>
     <span class='ocr_line' id='line_1_14' title="bbox 254 1476 1305 1543; baseline -0.006 -11"><span class='ocrx_word' id='word_1_107' title='bbox 254 1479 385 1532; x_wconf 83' lang='lat' dir='ltr'><strong>rationem</strong></span> <span class='ocrx_word' id='word_1_108' title='bbox 404 1477 508 1527; x_wconf 80' lang='lat' dir='ltr'><strong>unliern</strong></span> <span class='ocrx_word' id='word_1_109' title='bbox 531 1476 634 1524; x_wconf 80' lang='lat' dir='ltr'><strong>hebens</strong></span> <span class='ocrx_word' id='word_1_110' title='bbox 657 1476 692 1524; x_wconf 82' lang='lat' dir='ltr'><strong>de</strong></span> <span class='ocrx_word' id='word_1_111' title='bbox 716 1477 798 1526; x_wconf 84' lang='lat' dir='ltr'><strong>rebus</strong></span> <span class='ocrx_word' id='word_1_112' title='bbox 815 1478 898 1526; x_wconf 75' lang='lat' dir='ltr'><strong>etiem</strong></span> <span class='ocrx_word' id='word_1_113' title='bbox 915 1487 969 1526; x_wconf 85' lang='lat' dir='ltr'><strong>non</strong></span> <span class='ocrx_word' id='word_1_114' title='bbox 987 1477 1116 1539; x_wconf 75' lang='lat' dir='ltr'><strong>proxi-ie</strong></span> <span class='ocrx_word' id='word_1_115' title='bbox 1132 1477 1188 1527; x_wconf 83' lang='lat' dir='ltr'><strong>dici</strong></span> <span class='ocrx_word' id='word_1_116' title='bbox 1205 1488 1305 1543; x_wconf 78' lang='lat' dir='ltr'><strong>potest,</strong></span> 
     </span>
     <span class='ocr_line' id='line_1_15' title="bbox 253 1543 1305 1614; baseline 0.004 -16"><span class='ocrx_word' id='word_1_117' title='bbox 253 1549 352 1614; x_wconf 77' lang='lat' dir='ltr'><strong>quibus</strong></span> <span class='ocrx_word' id='word_1_118' title='bbox 374 1548 413 1599; x_wconf 76' lang='lat' dir='ltr'><strong>aa</strong></span> <span class='ocrx_word' id='word_1_119' title='bbox 435 1546 469 1594; x_wconf 86' lang='lat' dir='ltr'><strong>ob</strong></span> <span class='ocrx_word' id='word_1_120' title='bbox 491 1551 580 1593; x_wconf 86' lang='lat' dir='ltr'><strong>notus</strong></span> <span class='ocrx_word' id='word_1_121' title='bbox 602 1546 638 1593; x_wconf 75' lang='lat' dir='ltr'><strong>esi</strong></span> <span class='ocrx_word' id='word_1_122' title='bbox 662 1543 741 1594; x_wconf 89' lang='lat' dir='ltr'><strong>tinem</strong></span> <span class='ocrx_word' id='word_1_123' title='bbox 763 1547 887 1607; x_wconf 85' lang='lat' dir='ltr'><strong>perducti</strong></span> <span class='ocrx_word' id='word_1_124' title='bbox 912 1545 1048 1596; x_wconf 83' lang='lat' dir='ltr'><strong>notionem</strong></span> <span class='ocrx_word' id='word_1_125' title='bbox 1063 1547 1153 1596; x_wconf 77' lang='lat' dir='ltr'><strong>minus</strong></span> <span class='ocrx_word' id='word_1_126' title='bbox 1170 1557 1216 1598; x_wconf 85' lang='lat' dir='ltr'><strong>eet</strong></span> <span class='ocrx_word' id='word_1_127' title='bbox 1230 1554 1305 1612; x_wconf 78' lang='lat' dir='ltr'><strong>epte.</strong></span> 
     </span>
     <span class='ocr_line' id='line_1_16' title="bbox 254 1612 1305 1680; baseline 0.001 -11"><span class='ocrx_word' id='word_1_128' title='bbox 254 1620 350 1680; x_wconf 78' lang='lat' dir='ltr'><strong>ltaque</strong></span> <span class='ocrx_word' id='word_1_129' title='bbox 368 1626 398 1666; x_wconf 86' lang='lat' dir='ltr'><strong>et</strong></span> <span class='ocrx_word' id='word_1_130' title='bbox 417 1617 443 1664; x_wconf 82' lang='lat' dir='ltr'><strong>li.</strong></span> <span class='ocrx_word' id='word_1_131' title='bbox 462 1615 482 1663; x_wconf 89' lang='grc'><strong>1.</strong></span> <span class='ocrx_word' id='word_1_132' title='bbox 509 1612 533 1660; x_wconf 88' lang='lat' dir='ltr'><strong>si</strong></span> <span class='ocrx_word' id='word_1_133' title='bbox 555 1612 643 1678; x_wconf 79' lang='lat' dir='ltr'><strong>leoco,</strong></span> <span class='ocrx_word' id='word_1_134' title='bbox 670 1625 740 1674; x_wconf 82' lang='lat' dir='ltr'><strong>quae</strong></span> <span class='ocrx_word' id='word_1_135' title='bbox 757 1613 816 1678; x_wconf 80' lang='lat' dir='ltr'><strong>geri</strong></span> <span class='ocrx_word' id='word_1_136' title='bbox 835 1615 975 1677; x_wconf 81' lang='lat' dir='ltr'><strong>dicuntur,</strong></span> <span class='ocrx_word' id='word_1_137' title='bbox 1000 1628 1053 1666; x_wconf 91' lang='lat' dir='ltr'><strong>nou</strong></span> <span class='ocrx_word' id='word_1_138' title='bbox 1068 1617 1147 1667; x_wconf 77' lang='lat' dir='ltr'><strong>nodo</strong></span> <span class='ocrx_word' id='word_1_139' title='bbox 1163 1619 1199 1668; x_wconf 76' lang='lat' dir='ltr'><strong>ed</strong></span> <span class='ocrx_word' id='word_1_140' title='bbox 1216 1620 1305 1670; x_wconf 83' lang='lat' dir='ltr'><strong>muni-</strong></span> 
     </span>
     <span class='ocr_line' id='line_1_17' title="bbox 254 1681 1305 1751; baseline 0 -14"><span class='ocrx_word' id='word_1_141' title='bbox 254 1689 358 1751; x_wconf 87' lang='lat' dir='ltr'><strong>tiones,</strong></span> <span class='ocrx_word' id='word_1_142' title='bbox 384 1685 433 1734; x_wconf 82' lang='lat' dir='ltr'><strong>sed</strong></span> <span class='ocrx_word' id='word_1_143' title='bbox 451 1681 532 1731; x_wconf 84' lang='lat' dir='ltr'><strong>etium</strong></span> <span class='ocrx_word' id='word_1_144' title='bbox 548 1682 583 1731; x_wconf 85' lang='lat' dir='ltr'><strong>ud</strong></span> <span class='ocrx_word' id='word_1_145' title='bbox 600 1683 839 1734; x_wconf 77' lang='lat' dir='ltr'><strong>frumentationem</strong></span> <span class='ocrx_word' id='word_1_146' title='bbox 857 1686 1005 1734; x_wconf 81' lang='lat' dir='ltr'><strong>referende</strong></span> <span class='ocrx_word' id='word_1_147' title='bbox 1022 1693 1102 1749; x_wconf 89' lang='lat' dir='ltr'><strong>sunt,</strong></span> <span class='ocrx_word' id='word_1_148' title='bbox 1126 1687 1206 1748; x_wconf 76' lang='lat' dir='ltr'><strong>opud</strong></span> <span class='ocrx_word' id='word_1_149' title='bbox 1222 1689 1305 1738; x_wconf 86' lang='lat' dir='ltr'><strong>etium</strong></span> 
     </span>
     <span class='ocr_line' id='line_1_18' title="bbox 254 1748 1305 1818; baseline 0.003 -13"><span class='ocrx_word' id='word_1_150' title='bbox 254 1755 360 1818; x_wconf 83' lang='lat' dir='ltr'><strong>magis,</strong></span> <span class='ocrx_word' id='word_1_151' title='bbox 381 1764 459 1817; x_wconf 81' lang='lat' dir='ltr'><strong>quem</strong></span> <span class='ocrx_word' id='word_1_152' title='bbox 477 1751 532 1815; x_wconf 77' lang='lat' dir='ltr'><strong>od,</strong></span> <span class='ocrx_word' id='word_1_153' title='bbox 556 1749 703 1802; x_wconf 85' lang='lat' dir='ltr'><strong>convenire</strong></span> <span class='ocrx_word' id='word_1_154' title='bbox 726 1760 754 1802; x_wconf 83' lang='lat' dir='ltr'><strong>et</strong></span> <span class='ocrx_word' id='word_1_155' title='bbox 773 1751 833 1803; x_wconf 68' lang='lat' dir='ltr'><strong>cii.</strong></span> <span class='ocrx_word' id='word_1_156' title='bbox 852 1756 885 1815; x_wconf 89' lang='grc'><strong>3,</strong></span> <span class='ocrx_word' id='word_1_157' title='bbox 903 1748 955 1814; x_wconf 77' lang='grc'><strong>47,</strong></span> <span class='ocrx_word' id='word_1_158' title='bbox 982 1753 1028 1801; x_wconf 83' lang='lat' dir='ltr'><strong>nbi</strong></span> <span class='ocrx_word' id='word_1_159' title='bbox 1049 1755 1083 1803; x_wconf 79' lang='lat' dir='ltr'><strong>de</strong></span> <span class='ocrx_word' id='word_1_160' title='bbox 1100 1752 1194 1816; x_wconf 84' lang='lat' dir='ltr'><strong>inopie</strong></span> <span class='ocrx_word' id='word_1_161' title='bbox 1214 1768 1305 1809; x_wconf 88' lang='lat' dir='ltr'><strong>sermo</strong></span> 
     </span>
     <span class='ocr_line' id='line_1_19' title="bbox 253 1820 1304 1887; baseline 0.003 -13"><span class='ocrx_word' id='word_1_162' title='bbox 253 1832 313 1887; x_wconf 88' lang='lat' dir='ltr'><strong>est,</strong></span> <span class='ocrx_word' id='word_1_163' title='bbox 329 1824 368 1874; x_wconf 80' lang='lat' dir='ltr'><strong>od</strong></span> <span class='ocrx_word' id='word_1_164' title='bbox 385 1821 508 1873; x_wconf 74' lang='lat' dir='ltr'><strong>Alesiam</strong></span> <span class='ocrx_word' id='word_1_165' title='bbox 525 1822 600 1869; x_wconf 88' lang='lat' dir='ltr'><strong>recte</strong></span> <span class='ocrx_word' id='word_1_166' title='bbox 616 1820 735 1885; x_wconf 83' lang='lat' dir='ltr'><strong>iecere,</strong></span> <span class='ocrx_word' id='word_1_167' title='bbox 759 1822 792 1870; x_wconf 84' lang='lat' dir='ltr'><strong>de</strong></span> <span class='ocrx_word' id='word_1_168' title='bbox 810 1822 951 1882; x_wconf 81' lang='lat' dir='ltr'><strong>utriusque</strong></span> <span class='ocrx_word' id='word_1_169' title='bbox 968 1832 1035 1871; x_wconf 86' lang='lat' dir='ltr'><strong>vero</strong></span> <span class='ocrx_word' id='word_1_170' title='bbox 1054 1823 1212 1873; x_wconf 80' lang='lat' dir='ltr'><strong>discrimine</strong></span> <span class='ocrx_word' id='word_1_171' title='bbox 1228 1827 1304 1877; x_wconf 73' lang='lat' dir='ltr'><strong>nuo-</strong></span> 
     </span>
     <span class='ocr_line' id='line_1_20' title="bbox 253 1889 1305 1958; baseline 0.003 -14"><span class='ocrx_word' id='word_1_172' title='bbox 253 1895 396 1945; x_wconf 81' lang='lat' dir='ltr'><strong>dimennus</strong></span> <span class='ocrx_word' id='word_1_173' title='bbox 414 1890 503 1940; x_wconf 82' lang='lat' dir='ltr'><strong>instit.</strong></span> <span class='ocrx_word' id='word_1_174' title='bbox 522 1900 633 1951; x_wconf 78' lang='lat' dir='ltr'><strong>gramm</strong></span> <span class='ocrx_word' id='word_1_175' title='bbox 654 1892 689 1953; x_wconf 83' lang='lat'><strong>2,</strong></span> <span class='ocrx_word' id='word_1_176' title='bbox 706 1889 759 1940; x_wconf 83' lang='lat'><strong>282</strong></span> <span class='ocrx_word' id='word_1_177' title='bbox 783 1891 879 1941; x_wconf 76' lang='lat' dir='ltr'><strong>stelio.</strong></span> <span class='ocrx_word' id='word_1_178' title='bbox 902 1889 941 1940; x_wconf 76' lang='lat' dir='ltr'><strong>ad</strong></span> <span class='ocrx_word' id='word_1_179' title='bbox 964 1889 993 1939; x_wconf 88' lang='lat' dir='ltr'><strong>in</strong></span> <span class='ocrx_word' id='word_1_180' title='bbox 1018 1891 1149 1942; x_wconf 83' lang='lat' dir='ltr'><strong>eiusnodi</strong></span> <span class='ocrx_word' id='word_1_181' title='bbox 1172 1897 1305 1958; x_wconf 77' lang='lat' dir='ltr'><strong>exemplis</strong></span> 
     </span>
     <span class='ocr_line' id='line_1_21' title="bbox 252 1958 1304 2031; baseline 0.004 -18"><span class='ocrx_word' id='word_1_182' title='bbox 252 1962 362 2029; x_wconf 87' lang='lat' dir='ltr'><strong>proprie</strong></span> <span class='ocrx_word' id='word_1_183' title='bbox 380 1962 465 2010; x_wconf 76' lang='lat' dir='ltr'><strong>tuoto</strong></span> <span class='ocrx_word' id='word_1_184' title='bbox 482 1960 544 2007; x_wconf 86' lang='lat' dir='ltr'><strong>sive</strong></span> <span class='ocrx_word' id='word_1_185' title='bbox 563 1958 594 2007; x_wconf 84' lang='lat' dir='ltr'><strong>in</strong></span> <span class='ocrx_word' id='word_1_186' title='bbox 611 1960 674 2006; x_wconf 84' lang='lat' dir='ltr'><strong>loco</strong></span> <span class='ocrx_word' id='word_1_187' title='bbox 692 1959 842 2023; x_wconf 68' lang='lat' dir='ltr'><strong>proximo,</strong></span> <span class='ocrx_word' id='word_1_188' title='bbox 867 1959 946 2022; x_wconf 77' lang='lat' dir='ltr'><strong>opud</strong></span> <span class='ocrx_word' id='word_1_189' title='bbox 961 1970 1031 2011; x_wconf 84' lang='lat' dir='ltr'><strong>vero</strong></span> <span class='ocrx_word' id='word_1_190' title='bbox 1047 1962 1130 2012; x_wconf 83' lang='lat' dir='ltr'><strong>circo</strong></span> <span class='ocrx_word' id='word_1_191' title='bbox 1146 1965 1194 2012; x_wconf 85' lang='lat' dir='ltr'><strong>vei</strong></span> <span class='ocrx_word' id='word_1_192' title='bbox 1211 1977 1304 2031; x_wconf 82' lang='lat' dir='ltr'><strong>prope</strong></span> 
     </span>
     <span class='ocr_line' id='line_1_22' title="bbox 252 2026 1303 2098; baseline 0 -15"><span class='ocrx_word' id='word_1_193' title='bbox 252 2031 410 2096; x_wconf 75' lang='lat' dir='ltr'><strong>significare</strong></span> <span class='ocrx_word' id='word_1_194' title='bbox 436 2033 560 2078; x_wconf 77' lang='lat' dir='ltr'><strong>statuens</strong></span> <span class='ocrx_word' id='word_1_195' title='bbox 586 2026 704 2092; x_wconf 84' lang='lat' dir='ltr'><strong>rectius,</strong></span> <span class='ocrx_word' id='word_1_196' title='bbox 732 2041 811 2090; x_wconf 83' lang='lat' dir='ltr'><strong>quern</strong></span> <span class='ocrx_word' id='word_1_197' title='bbox 829 2029 952 2079; x_wconf 75' lang='lat' dir='ltr'><strong>nennius</strong></span> <span class='ocrx_word' id='word_1_198' title='bbox 977 2030 1057 2081; x_wconf 74' lang='lat' dir='ltr'><strong>Ture.</strong></span> <span class='ocrx_word' id='word_1_199' title='bbox 1080 2035 1110 2098; x_wconf 90' lang='lat' dir='ltr'><strong>i,</strong></span> <span class='ocrx_word' id='word_1_200' title='bbox 1128 2033 1166 2082; x_wconf 87' lang='grc'><strong>90</strong></span> <span class='ocrx_word' id='word_1_201' title='bbox 1190 2046 1303 2096; x_wconf 87' lang='lat' dir='ltr'><strong>prorsus</strong></span> 
     </span>
     <span class='ocr_line' id='line_1_23' title="bbox 139 2097 980 2156; baseline -0.008 1"><span class='ocrx_word' id='word_1_202' title='bbox 139 2135 144 2156; x_wconf 83' lang='lat' dir='ltr'><strong>i</strong></span> <span class='ocrx_word' id='word_1_203' title='bbox 252 2101 321 2154; x_wconf 82' lang='lat' dir='ltr'><strong>iiiuc</strong></span> <span class='ocrx_word' id='word_1_204' title='bbox 339 2097 507 2151; x_wconf 74' lang='lat' dir='ltr'><strong>contrarium</strong></span> <span class='ocrx_word' id='word_1_205' title='bbox 524 2108 588 2145; x_wconf 85' lang='lat' dir='ltr'><strong>esse</strong></span> <span class='ocrx_word' id='word_1_206' title='bbox 607 2098 706 2145; x_wconf 82' lang='lat' dir='ltr'><strong>docens</strong></span> <span class='ocrx_word' id='word_1_207' title='bbox 724 2099 845 2148; x_wconf 76' lang='lat' dir='ltr'><strong>statuere</strong></span> <span class='ocrx_word' id='word_1_208' title='bbox 863 2097 980 2150; x_wconf 80' lang='lat' dir='ltr'><strong>videtur.</strong></span> 
     </span>
    </p>
   </div>
   <div class='ocr_carea' id='block_1_4' title="bbox 206 2181 1302 2594">
    <p class='ocr_par' dir='ltr' id='par_1_4' title="bbox 250 2181 1302 2462">
     <span class='ocr_line' id='line_1_24' title="bbox 286 2181 1301 2246; baseline -0.006 -8"><span class='ocrx_word' id='word_1_209' title='bbox 286 2187 350 2246; x_wconf 85' lang='lat' dir='ltr'><strong>hos]</strong></span> <span class='ocrx_word' id='word_1_210' title='bbox 375 2197 427 2237; x_wconf 87' lang='lat' dir='ltr'><strong>om.</strong></span> <span class='ocrx_word' id='word_1_211' title='bbox 448 2185 515 2234; x_wconf 81' lang='lat' dir='ltr'><strong>Ani.</strong></span> <span class='ocrx_word' id='word_1_212' title='bbox 535 2182 586 2233; x_wconf 80' lang='lat'><strong>0¹.</strong></span> <span class='ocrx_word' id='word_1_213' title='bbox 603 2181 652 2233; x_wconf 85' lang='lat' dir='ltr'><strong>cu.</strong></span> <span class='ocrx_word' id='word_1_214' title='bbox 670 2182 699 2231; x_wconf 77' lang='lat' dir='ltr'><strong>S·</strong></span> <span class='ocrx_word' id='word_1_215' title='bbox 718 2182 778 2234; x_wconf 86' lang='lat' dir='ltr'><strong>Pet.</strong></span> <span class='ocrx_word' id='word_1_216' title='bbox 794 2181 872 2236; x_wconf 81' lang='lat' dir='ltr'><strong>corr.</strong></span> <span class='ocrx_word' id='word_1_217' title='bbox 889 2191 918 2231; x_wconf 83' lang='lat' dir='ltr'><strong>et</strong></span> <span class='ocrx_word' id='word_1_218' title='bbox 934 2195 953 2233; x_wconf 85' lang='lat' dir='ltr'><strong>o</strong></span> <span class='ocrx_word' id='word_1_219' title='bbox 973 2195 1009 2237; x_wconf 82' lang='lat' dir='ltr'><strong>m.</strong></span> <span class='ocrx_word' id='word_1_220' title='bbox 1030 2197 1071 2246; x_wconf 90' lang='lat' dir='ltr'><strong>pr.</strong></span> <span class='ocrx_word' id='word_1_221' title='bbox 1091 2185 1163 2243; x_wconf 77' lang='lat' dir='ltr'><strong>an,</strong></span> <span class='ocrx_word' id='word_1_222' title='bbox 1185 2189 1257 2240; x_wconf 74' lang='lat' dir='ltr'><strong>nav.</strong></span> <span class='ocrx_word' id='word_1_223' title='bbox 1270 2191 1301 2245; x_wconf 77' lang='grc' dir='ltr'><strong>Α,</strong></span> 
     </span>
     <span class='ocr_line' id='line_1_25' title="bbox 250 2250 1302 2318; baseline -0.01 -10"><span class='ocrx_word' id='word_1_224' title='bbox 250 2256 332 2308; x_wconf 82' lang='lat' dir='ltr'><strong>vinc.</strong></span> <span class='ocrx_word' id='word_1_225' title='bbox 349 2257 383 2304; x_wconf 83' lang='grc' dir='ltr'><strong>Α.</strong></span> <span class='ocrx_word' id='word_1_226' title='bbox 409 2254 506 2305; x_wconf 78' lang='lat' dir='ltr'><strong>flemis.</strong></span> <span class='ocrx_word' id='word_1_227' title='bbox 524 2253 586 2301; x_wconf 77' lang='lat' dir='ltr'><strong>Aio.</strong></span> <span class='ocrx_word' id='word_1_228' title='bbox 604 2266 665 2317; x_wconf 85' lang='lat' dir='ltr'><strong>sqq.</strong></span> <span class='ocrx_word' id='word_1_229' title='bbox 691 2252 789 2300; x_wconf 79' lang='lat' dir='ltr'><strong>hebent</strong></span> <span class='ocrx_word' id='word_1_230' title='bbox 815 2250 939 2317; x_wconf 84' lang='lat' dir='ltr'><strong>„reiiqui</strong></span> <span class='ocrx_word' id='word_1_231' title='bbox 961 2264 1022 2302; x_wconf 83' lang='lat' dir='ltr'><strong>cuin</strong></span> <span class='ocrx_word' id='word_1_232' title='bbox 1039 2254 1107 2303; x_wconf 74' lang='lat' dir='ltr'><strong>Eud.</strong></span> <span class='ocrx_word' id='word_1_233' title='bbox 1124 2253 1195 2318; x_wconf 81' lang='lat' dir='ltr'><strong>pp.“</strong></span> <span class='ocrx_word' id='word_1_234' title='bbox 1220 2259 1302 2309; x_wconf 65' lang='lat' dir='ltr'><strong>vm,</strong></span> 
     </span>
     <span class='ocr_line' id='line_1_26' title="bbox 250 2319 1302 2386; baseline -0.002 -10"><span class='ocrx_word' id='word_1_235' title='bbox 250 2326 284 2377; x_wconf 76' lang='lat' dir='ltr'><strong>A.</strong></span> <span class='ocrx_word' id='word_1_236' title='bbox 302 2327 378 2386; x_wconf 81' lang='lat' dir='ltr'><strong>lign.</strong></span> <span class='ocrx_word' id='word_1_237' title='bbox 397 2323 471 2372; x_wconf 73' lang='lat' dir='ltr'><strong>(icit.</strong></span> <span class='ocrx_word' id='word_1_238' title='bbox 489 2323 558 2371; x_wconf 68' lang='grc' dir='ltr'><strong>ιον.</strong></span> <span class='ocrx_word' id='word_1_239' title='bbox 577 2321 643 2369; x_wconf 78' lang='lat' dir='ltr'><strong>Lon.</strong></span> <span class='ocrx_word' id='word_1_240' title='bbox 660 2320 720 2369; x_wconf 83' lang='lat' dir='ltr'><strong>cod.</strong></span> <span class='ocrx_word' id='word_1_241' title='bbox 738 2321 819 2370; x_wconf 72' lang='lat' dir='ltr'><strong>Turr.</strong></span> <span class='ocrx_word' id='word_1_242' title='bbox 836 2319 922 2376; x_wconf 79' lang='lat' dir='ltr'><strong>conti.</strong></span> <span class='ocrx_word' id='word_1_243' title='bbox 941 2321 1023 2384; x_wconf 67' lang='grc' dir='ltr'><strong>Βοῦς.</strong></span> <span class='ocrx_word' id='word_1_244' title='bbox 1037 2325 1071 2372; x_wconf 78' lang='grc' dir='ltr'><strong>Δ.</strong></span> <span class='ocrx_word' id='word_1_245' title='bbox 1091 2324 1155 2374; x_wconf 79' lang='lat' dir='ltr'><strong>Per.</strong></span> <span class='ocrx_word' id='word_1_246' title='bbox 1168 2328 1204 2376; x_wconf 81' lang='grc' dir='ltr'><strong>Α.</strong></span> <span class='ocrx_word' id='word_1_247' title='bbox 1221 2328 1302 2379; x_wconf 65' lang='lat' dir='ltr'><strong>linit</strong></span> 
     </span>
     <span class='ocr_line' id='line_1_27' title="bbox 250 2387 1300 2462; baseline 0 -17"><span class='ocrx_word' id='word_1_248' title='bbox 250 2403 295 2457; x_wconf 83' lang='lat' dir='ltr'><strong>et,</strong></span> <span class='ocrx_word' id='word_1_249' title='bbox 318 2393 364 2455; x_wconf 89' lang='lat' dir='ltr'><strong>qui</strong></span> <span class='ocrx_word' id='word_1_250' title='bbox 387 2391 439 2442; x_wconf 79' lang='lat' dir='ltr'><strong>isos</strong></span> <span class='ocrx_word' id='word_1_251' title='bbox 452 2416 488 2426; x_wconf 92' lang='lat'>—</span> <span class='ocrx_word' id='word_1_252' title='bbox 499 2392 642 2453; x_wconf 72' lang='lat' dir='ltr'><strong>posisent)</strong></span> <span class='ocrx_word' id='word_1_253' title='bbox 665 2387 691 2436; x_wconf 92' lang='lat' dir='ltr'><strong>in</strong></span> <span class='ocrx_word' id='word_1_254' title='bbox 711 2388 763 2436; x_wconf 85' lang='lat' dir='ltr'><strong>fine</strong></span> <span class='ocrx_word' id='word_1_255' title='bbox 781 2401 880 2441; x_wconf 86' lang='lat' dir='ltr'><strong>versus</strong></span> <span class='ocrx_word' id='word_1_256' title='bbox 899 2402 916 2439; x_wconf 88' lang='lat' dir='ltr'><strong>u</strong></span> <span class='ocrx_word' id='word_1_257' title='bbox 933 2402 970 2439; x_wconf 88' lang='lat' dir='ltr'><strong>m.</strong></span> <span class='ocrx_word' id='word_1_258' title='bbox 988 2404 1011 2440; x_wconf 87' lang='lat' dir='ltr'><strong>s.</strong></span> <span class='ocrx_word' id='word_1_259' title='bbox 1029 2392 1122 2443; x_wconf 79' lang='lat' dir='ltr'><strong>addite</strong></span> <span class='ocrx_word' id='word_1_260' title='bbox 1144 2397 1245 2462; x_wconf 79' lang='lat' dir='ltr'><strong>nabet,</strong></span> <span class='ocrx_word' id='word_1_261' title='bbox 1269 2402 1300 2454; x_wconf 80' lang='grc' dir='ltr'><strong>Α,</strong></span> 
     </span>
    </p>

    <p class='ocr_par' dir='ltr' id='par_1_5' title="bbox 206 2457 1301 2594">
     <span class='ocr_line' id='line_1_28' title="bbox 206 2457 1301 2518; baseline -0.002 -4"><span class='ocrx_word' id='word_1_262' title='bbox 206 2473 208 2477; x_wconf 75' lang='grc'>’</span> <span class='ocrx_word' id='word_1_263' title='bbox 248 2458 555 2512; x_wconf 67' lang='lat' dir='ltr'><strong>victimatus.</strong></span> <span class='ocrx_word' id='word_1_264' title='bbox 580 2458 631 2507; x_wconf 80' lang='lat' dir='ltr'><strong>Gn.</strong></span> <span class='ocrx_word' id='word_1_265' title='bbox 651 2457 731 2509; x_wconf 80' lang='lat' dir='ltr'><strong>Vini.</strong></span> <span class='ocrx_word' id='word_1_266' title='bbox 750 2457 795 2506; x_wconf 75' lang='lat' dir='ltr'><strong>Fi.</strong></span> <span class='ocrx_word' id='word_1_267' title='bbox 822 2459 881 2507; x_wconf 80' lang='lat' dir='ltr'><strong>edi.</strong></span> <span class='ocrx_word' id='word_1_268' title='bbox 902 2465 966 2508; x_wconf 84' lang='lat' dir='ltr'><strong>ente</strong></span> <span class='ocrx_word' id='word_1_269' title='bbox 984 2457 1044 2511; x_wconf 79' lang='lat' dir='ltr'><strong>Ais.</strong></span> <span class='ocrx_word' id='word_1_270' title='bbox 1068 2460 1199 2517; x_wconf 62' lang='lat' dir='ltr'><strong>senones</strong></span> <span class='ocrx_word' id='word_1_271' title='bbox 1215 2468 1301 2518; x_wconf 81' lang='lat' dir='ltr'><strong>iluen.</strong></span> 
     </span>
     <span class='ocr_line' id='line_1_29' title="bbox 224 2525 668 2594; baseline -0.02 -11"><span class='ocrx_word' id='word_1_272' title='bbox 224 2552 226 2557; x_wconf 55' lang='lat'><strong><em>¹</em></strong></span> <span class='ocrx_word' id='word_1_273' title='bbox 249 2530 292 2584; x_wconf 64' lang='lat' dir='ltr'><strong>(ii.</strong></span> <span class='ocrx_word' id='word_1_274' title='bbox 310 2530 371 2580; x_wconf 85' lang='lat' dir='ltr'><strong>edu.</strong></span> <span class='ocrx_word' id='word_1_275' title='bbox 390 2541 431 2578; x_wconf 92' lang='lat' dir='ltr'><strong>cr.</strong></span> <span class='ocrx_word' id='word_1_276' title='bbox 448 2528 483 2577; x_wconf 82' lang='lat' dir='ltr'><strong>od</strong></span> <span class='ocrx_word' id='word_1_277' title='bbox 507 2525 574 2591; x_wconf 80' lang='lat'><strong>5,7</strong></span> <span class='ocrx_word' id='word_1_278' title='bbox 595 2525 622 2594; x_wconf 84' lang='lat'><strong>§.</strong></span> <span class='ocrx_word' id='word_1_279' title='bbox 640 2527 668 2574; x_wconf 84' lang='grc'><strong>6.</strong></span> 
     </span>
    </p>
   </div>
   <div class='ocr_carea' id='block_1_5' title="bbox 242 2608 1302 3852">
    <p class='ocr_par' dir='ltr' id='par_1_6' title="bbox 242 2608 1302 3852">
     <span class='ocr_line' id='line_1_30' title="bbox 282 2608 1302 2684; baseline 0.008 -19"><span class='ocrx_word' id='word_1_280' title='bbox 282 2611 401 2679; x_wconf 73' lang='lat' dir='ltr'><strong>civitati]</strong></span> <span class='ocrx_word' id='word_1_281' title='bbox 420 2614 488 2662; x_wconf 81' lang='lat' dir='ltr'><strong>And.</strong></span> <span class='ocrx_word' id='word_1_282' title='bbox 508 2611 559 2662; x_wconf 71' lang='lat'><strong>01.</strong></span> <span class='ocrx_word' id='word_1_283' title='bbox 576 2610 623 2658; x_wconf 81' lang='lat' dir='ltr'><strong>Cu.</strong></span> <span class='ocrx_word' id='word_1_284' title='bbox 646 2610 672 2656; x_wconf 78' lang='lat' dir='ltr'><strong>S.</strong></span> <span class='ocrx_word' id='word_1_285' title='bbox 690 2608 768 2661; x_wconf 76' lang='lat' dir='ltr'><strong>Iseid.</strong></span> <span class='ocrx_word' id='word_1_286' title='bbox 788 2611 821 2664; x_wconf 84' lang='lat' dir='ltr'><strong>A.</strong></span> <span class='ocrx_word' id='word_1_287' title='bbox 840 2610 912 2663; x_wconf 81' lang='lat' dir='ltr'><strong>ilas.</strong></span> <span class='ocrx_word' id='word_1_288' title='bbox 931 2616 965 2667; x_wconf 79' lang='grc' dir='ltr'><strong>Α.</strong></span> <span class='ocrx_word' id='word_1_289' title='bbox 983 2613 1063 2666; x_wconf 80' lang='lat' dir='ltr'><strong>Vini.</strong></span> <span class='ocrx_word' id='word_1_290' title='bbox 1084 2613 1118 2667; x_wconf 87' lang='grc' dir='ltr'><strong>Α.</strong></span> <span class='ocrx_word' id='word_1_291' title='bbox 1137 2618 1239 2684; x_wconf 69' lang='lat' dir='ltr'><strong>(Bonss.</strong></span> <span class='ocrx_word' id='word_1_292' title='bbox 1257 2620 1302 2679; x_wconf 79' lang='lat' dir='ltr'><strong>c.)</strong></span> 
     </span>
     <span class='ocr_line' id='line_1_31' title="bbox 249 2678 1300 2750; baseline 0.008 -16"><span class='ocrx_word' id='word_1_293' title='bbox 249 2684 310 2737; x_wconf 82' lang='lat' dir='ltr'><strong>Ber.</strong></span> <span class='ocrx_word' id='word_1_294' title='bbox 328 2683 388 2732; x_wconf 78' lang='lat' dir='ltr'><strong>Ain.</strong></span> <span class='ocrx_word' id='word_1_295' title='bbox 408 2695 465 2744; x_wconf 82' lang='lat' dir='ltr'><strong>sqq.</strong></span> <span class='ocrx_word' id='word_1_296' title='bbox 491 2693 529 2731; x_wconf 79' lang='lat' dir='ltr'><strong>ec</strong></span> <span class='ocrx_word' id='word_1_297' title='bbox 546 2678 711 2729; x_wconf 79' lang='lat' dir='ltr'><strong>civitatibus</strong></span> <span class='ocrx_word' id='word_1_298' title='bbox 728 2678 835 2730; x_wconf 70' lang='lat' dir='ltr'><strong>nun-o</strong></span> <span class='ocrx_word' id='word_1_299' title='bbox 851 2693 887 2733; x_wconf 90' lang='lat' dir='ltr'><strong>m.</strong></span> <span class='ocrx_word' id='word_1_300' title='bbox 906 2696 945 2744; x_wconf 88' lang='lat' dir='ltr'><strong>pr.</strong></span> <span class='ocrx_word' id='word_1_301' title='bbox 964 2692 992 2732; x_wconf 85' lang='lat' dir='ltr'><strong>et</strong></span> <span class='ocrx_word' id='word_1_302' title='bbox 1009 2684 1236 2750; x_wconf 76' lang='lat' dir='ltr'><strong>Linoenorogius.</strong></span> <span class='ocrx_word' id='word_1_303' title='bbox 1264 2704 1300 2742; x_wconf 82' lang='lat' dir='ltr'><strong>ec</strong></span> 
     </span>
     <span class='ocr_line' id='line_1_32' title="bbox 248 2745 1302 2817; baseline 0.001 -12"><span class='ocrx_word' id='word_1_304' title='bbox 248 2753 368 2805; x_wconf 76' lang='lat' dir='ltr'><strong>civitate</strong></span> <span class='ocrx_word' id='word_1_305' title='bbox 402 2749 516 2817; x_wconf 88' lang='lat' dir='ltr'><strong>„ceteri</strong></span> <span class='ocrx_word' id='word_1_306' title='bbox 540 2759 568 2797; x_wconf 81' lang='lat' dir='ltr'><strong>et</strong></span> <span class='ocrx_word' id='word_1_307' title='bbox 592 2749 656 2797; x_wconf 78' lang='lat' dir='ltr'><strong>Edu.</strong></span> <span class='ocrx_word' id='word_1_308' title='bbox 682 2745 757 2815; x_wconf 62' lang='lat' dir='ltr'><strong>pp4“</strong></span> <span class='ocrx_word' id='word_1_309' title='bbox 786 2749 865 2800; x_wconf 79' lang='lat' dir='ltr'><strong>Gerr.</strong></span> <span class='ocrx_word' id='word_1_310' title='bbox 891 2753 952 2803; x_wconf 78' lang='lat' dir='ltr'><strong>coci.</strong></span> <span class='ocrx_word' id='word_1_311' title='bbox 977 2754 1055 2804; x_wconf 74' lang='lat' dir='ltr'><strong>Turn.</strong></span> <span class='ocrx_word' id='word_1_312' title='bbox 1079 2756 1139 2806; x_wconf 84' lang='lat' dir='ltr'><strong>Pet.</strong></span> <span class='ocrx_word' id='word_1_313' title='bbox 1168 2758 1252 2808; x_wconf 84' lang='lat' dir='ltr'><strong>Voss.</strong></span> <span class='ocrx_word' id='word_1_314' title='bbox 1270 2758 1302 2807; x_wconf 79' lang='lat' dir='ltr'><strong>A.</strong></span> 
     </span>
     <span class='ocr_line' id='line_1_33' title="bbox 250 2816 1302 2884; baseline 0.006 -13"><span class='ocrx_word' id='word_1_315' title='bbox 250 2822 324 2874; x_wconf 72' lang='lat' dir='ltr'><strong>Gott.</strong></span> <span class='ocrx_word' id='word_1_316' title='bbox 343 2823 421 2884; x_wconf 79' lang='lat' dir='ltr'><strong>ligni.</strong></span> <span class='ocrx_word' id='word_1_317' title='bbox 439 2820 510 2869; x_wconf 81' lang='lat' dir='ltr'><strong>Lov.</strong></span> <span class='ocrx_word' id='word_1_318' title='bbox 530 2818 597 2867; x_wconf 73' lang='lat' dir='ltr'><strong>Lot.</strong></span> <span class='ocrx_word' id='word_1_319' title='bbox 616 2818 676 2866; x_wconf 81' lang='lat' dir='ltr'><strong>Pet.</strong></span> <span class='ocrx_word' id='word_1_320' title='bbox 695 2819 723 2866; x_wconf 91' lang='lat' dir='ltr'><strong>et</strong></span> <span class='ocrx_word' id='word_1_321' title='bbox 741 2816 799 2868; x_wconf 83' lang='lat' dir='ltr'><strong>Pei.</strong></span> <span class='ocrx_word' id='word_1_322' title='bbox 818 2817 904 2869; x_wconf 82' lang='lat' dir='ltr'><strong>cont.</strong></span> <span class='ocrx_word' id='word_1_323' title='bbox 922 2823 1008 2884; x_wconf 68' lang='lat' dir='ltr'><strong>Bone.</strong></span> <span class='ocrx_word' id='word_1_324' title='bbox 1025 2821 1059 2876; x_wconf 85' lang='lat' dir='ltr'><strong>A.</strong></span> <span class='ocrx_word' id='word_1_325' title='bbox 1078 2825 1142 2875; x_wconf 80' lang='lat' dir='ltr'><strong>Por.</strong></span> <span class='ocrx_word' id='word_1_326' title='bbox 1161 2829 1195 2880; x_wconf 80' lang='grc' dir='ltr'><strong>Δ.</strong></span> <span class='ocrx_word' id='word_1_327' title='bbox 1215 2828 1302 2878; x_wconf 82' lang='lat' dir='ltr'><strong>iieen.</strong></span> 
     </span>
     <span class='ocr_line' id='line_1_34' title="bbox 247 2886 1301 2947; baseline 0.003 -5"><span class='ocrx_word' id='word_1_328' title='bbox 247 2893 297 2942; x_wconf 84' lang='lat' dir='ltr'><strong>Dr.</strong></span> <span class='ocrx_word' id='word_1_329' title='bbox 318 2891 372 2943; x_wconf 77' lang='lat' dir='ltr'><strong>AB.</strong></span> <span class='ocrx_word' id='word_1_330' title='bbox 391 2891 472 2941; x_wconf 85' lang='lat' dir='ltr'><strong>Vrat.</strong></span> <span class='ocrx_word' id='word_1_331' title='bbox 487 2888 541 2937; x_wconf 82' lang='lat' dir='ltr'><strong>AB.</strong></span> <span class='ocrx_word' id='word_1_332' title='bbox 561 2887 639 2936; x_wconf 77' lang='lat' dir='ltr'><strong>Goth.</strong></span> <span class='ocrx_word' id='word_1_333' title='bbox 654 2886 683 2936; x_wconf 82' lang='lat' dir='ltr'><strong>ii.</strong></span> <span class='ocrx_word' id='word_1_334' title='bbox 703 2887 798 2936; x_wconf 83' lang='lat' dir='ltr'><strong>iiemb.</strong></span> <span class='ocrx_word' id='word_1_335' title='bbox 817 2887 869 2936; x_wconf 78' lang='lat' dir='ltr'><strong>Gn.</strong></span> <span class='ocrx_word' id='word_1_336' title='bbox 888 2890 969 2939; x_wconf 83' lang='lat' dir='ltr'><strong>vind.</strong></span> <span class='ocrx_word' id='word_1_337' title='bbox 985 2892 1064 2941; x_wconf 66' lang='grc' dir='ltr'><strong>ΗΕΒ.</strong></span> <span class='ocrx_word' id='word_1_338' title='bbox 1082 2894 1142 2943; x_wconf 82' lang='lat' dir='ltr'><strong>edd.</strong></span> <span class='ocrx_word' id='word_1_339' title='bbox 1160 2897 1226 2946; x_wconf 86' lang='lat' dir='ltr'><strong>ente</strong></span> <span class='ocrx_word' id='word_1_340' title='bbox 1241 2898 1301 2947; x_wconf 83' lang='lat' dir='ltr'><strong>Ber.</strong></span> 
     </span>
     <span class='ocr_line' id='line_1_35' title="bbox 248 2954 1301 3028; baseline 0.005 -17"><span class='ocrx_word' id='word_1_341' title='bbox 248 2962 319 3011; x_wconf 85' lang='lat' dir='ltr'><strong>ven.</strong></span> <span class='ocrx_word' id='word_1_342' title='bbox 338 2962 358 3011; x_wconf 85' lang='lat' dir='ltr'><strong>t.</strong></span> <span class='ocrx_word' id='word_1_343' title='bbox 396 2960 464 3009; x_wconf 85' lang='lat' dir='ltr'><strong>iioic</strong></span> <span class='ocrx_word' id='word_1_344' title='bbox 482 2957 528 3021; x_wconf 87' lang='lat' dir='ltr'><strong>id,</strong></span> <span class='ocrx_word' id='word_1_345' title='bbox 554 2956 624 3017; x_wconf 80' lang='lat' dir='ltr'><strong>quod</strong></span> <span class='ocrx_word' id='word_1_346' title='bbox 639 2954 711 3005; x_wconf 82' lang='lat' dir='ltr'><strong>Dok.</strong></span> <span class='ocrx_word' id='word_1_347' title='bbox 735 2956 858 3018; x_wconf 85' lang='lat' dir='ltr'><strong>exhibet,</strong></span> <span class='ocrx_word' id='word_1_348' title='bbox 881 2958 998 3011; x_wconf 86' lang='lat' dir='ltr'><strong>similius</strong></span> <span class='ocrx_word' id='word_1_349' title='bbox 1014 2964 1072 3025; x_wconf 89' lang='lat' dir='ltr'><strong>est,</strong></span> <span class='ocrx_word' id='word_1_350' title='bbox 1095 2975 1176 3025; x_wconf 81' lang='lat' dir='ltr'><strong>quom</strong></span> <span class='ocrx_word' id='word_1_351' title='bbox 1194 2961 1301 3028; x_wconf 74' lang='lat' dir='ltr'><strong>quoue</strong></span> 
     </span>
     <span class='ocr_line' id='line_1_36' title="bbox 248 3024 1300 3098; baseline 0.001 -17"><span class='ocrx_word' id='word_1_352' title='bbox 248 3030 382 3087; x_wconf 79' lang='lat' dir='ltr'><strong>Berooioo</strong></span> <span class='ocrx_word' id='word_1_353' title='bbox 398 3029 498 3082; x_wconf 83' lang='lat' dir='ltr'><strong>editum</strong></span> <span class='ocrx_word' id='word_1_354' title='bbox 518 3024 762 3090; x_wconf 76' lang='lat' dir='ltr'><strong>vulgavit,Aiius;</strong></span> <span class='ocrx_word' id='word_1_355' title='bbox 787 3026 856 3087; x_wconf 83' lang='lat' dir='ltr'><strong>quon</strong></span> <span class='ocrx_word' id='word_1_356' title='bbox 880 3027 925 3089; x_wconf 84' lang='lat' dir='ltr'><strong>qui</strong></span> <span class='ocrx_word' id='word_1_357' title='bbox 948 3028 1071 3081; x_wconf 82' lang='lat' dir='ltr'><strong>codicum</strong></span> <span class='ocrx_word' id='word_1_358' title='bbox 1089 3042 1177 3085; x_wconf 83' lang='lat' dir='ltr'><strong>ceusu</strong></span> <span class='ocrx_word' id='word_1_359' title='bbox 1195 3035 1300 3098; x_wconf 84' lang='lat' dir='ltr'><strong>inpro-</strong></span> 
     </span>
     <span class='ocr_line' id='line_1_37' title="bbox 247 3094 1298 3166; baseline -0.003 -18"><span class='ocrx_word' id='word_1_360' title='bbox 247 3099 363 3159; x_wconf 77' lang='lat' dir='ltr'><strong>bandum</strong></span> <span class='ocrx_word' id='word_1_361' title='bbox 381 3105 526 3160; x_wconf 80' lang='lat' dir='ltr'><strong>poterunt,</strong></span> <span class='ocrx_word' id='word_1_362' title='bbox 550 3094 746 3158; x_wconf 80' lang='lat' dir='ltr'><strong>Nipperdeins,</strong></span> <span class='ocrx_word' id='word_1_363' title='bbox 770 3095 941 3164; x_wconf 70' lang='lat' dir='ltr'><strong>soypertus,</strong></span> <span class='ocrx_word' id='word_1_364' title='bbox 959 3098 1164 3166; x_wconf 81' lang='lat' dir='ltr'><strong>Doberenzius,</strong></span> <span class='ocrx_word' id='word_1_365' title='bbox 1189 3103 1298 3156; x_wconf 64' lang='lat' dir='ltr'><strong>nune.</strong></span> 
     </span>
     <span class='ocr_line' id='line_1_38' title="bbox 247 3163 1299 3233; baseline 0.008 -15"><span class='ocrx_word' id='word_1_366' title='bbox 247 3182 314 3233; x_wconf 90' lang='lat' dir='ltr'><strong>rus,</strong></span> <span class='ocrx_word' id='word_1_367' title='bbox 340 3166 491 3221; x_wconf 86' lang='lat' dir='ltr'><strong>consultius</strong></span> <span class='ocrx_word' id='word_1_368' title='bbox 514 3163 637 3225; x_wconf 75' lang='lat' dir='ltr'><strong>egissent</strong></span> <span class='ocrx_word' id='word_1_369' title='bbox 655 3164 679 3212; x_wconf 86' lang='lat' dir='ltr'><strong>si</strong></span> <span class='ocrx_word' id='word_1_370' title='bbox 697 3176 757 3213; x_wconf 88' lang='lat' dir='ltr'><strong>cum</strong></span> <span class='ocrx_word' id='word_1_371' title='bbox 774 3165 821 3215; x_wconf 90' lang='lat' dir='ltr'><strong>iiio</strong></span> <span class='ocrx_word' id='word_1_372' title='bbox 838 3167 944 3232; x_wconf 86' lang='lat' dir='ltr'><strong>potins,</strong></span> <span class='ocrx_word' id='word_1_373' title='bbox 969 3180 1048 3230; x_wconf 84' lang='lat' dir='ltr'><strong>quem</strong></span> <span class='ocrx_word' id='word_1_374' title='bbox 1065 3181 1126 3221; x_wconf 84' lang='lat' dir='ltr'><strong>cum</strong></span> <span class='ocrx_word' id='word_1_375' title='bbox 1143 3180 1299 3225; x_wconf 85' lang='lat' dir='ltr'><strong>ceterorum</strong></span> 
     </span>
     <span class='ocr_line' id='line_1_39' title="bbox 247 3229 1297 3306; baseline 0.003 -20"><span class='ocrx_word' id='word_1_376' title='bbox 247 3236 385 3297; x_wconf 84' lang='lat' dir='ltr'><strong>scriptore</strong></span> <span class='ocrx_word' id='word_1_377' title='bbox 402 3236 627 3296; x_wconf 82' lang='lat' dir='ltr'><strong>commutassent,</strong></span> <span class='ocrx_word' id='word_1_378' title='bbox 647 3229 676 3281; x_wconf 86' lang='lat' dir='ltr'><strong>in</strong></span> <span class='ocrx_word' id='word_1_379' title='bbox 694 3243 747 3294; x_wconf 81' lang='lat' dir='ltr'><strong>que</strong></span> <span class='ocrx_word' id='word_1_380' title='bbox 764 3233 813 3283; x_wconf 85' lang='lat' dir='ltr'><strong>aiii</strong></span> <span class='ocrx_word' id='word_1_381' title='bbox 830 3234 975 3299; x_wconf 79' lang='lat' dir='ltr'><strong>principi,</strong></span> <span class='ocrx_word' id='word_1_382' title='bbox 994 3237 1042 3287; x_wconf 85' lang='lat' dir='ltr'><strong>eiii</strong></span> <span class='ocrx_word' id='word_1_383' title='bbox 1056 3239 1161 3300; x_wconf 83' lang='lat' dir='ltr'><strong>populo</strong></span> <span class='ocrx_word' id='word_1_384' title='bbox 1178 3243 1216 3292; x_wconf 76' lang='lat' dir='ltr'><strong>ad</strong></span> <span class='ocrx_word' id='word_1_385' title='bbox 1232 3255 1297 3306; x_wconf 85' lang='lat' dir='ltr'><strong>pro-</strong></span> 
     </span>
     <span class='ocr_line' id='line_1_40' title="bbox 245 3301 1297 3369; baseline 0.006 -13"><span class='ocrx_word' id='word_1_386' title='bbox 245 3317 343 3356; x_wconf 88' lang='lat' dir='ltr'><strong>nomen</strong></span> <span class='ocrx_word' id='word_1_387' title='bbox 360 3307 389 3354; x_wconf 90' lang='lat' dir='ltr'><strong>et</strong></span> <span class='ocrx_word' id='word_1_388' title='bbox 405 3305 438 3355; x_wconf 84' lang='lat' dir='ltr'><strong>od</strong></span> <span class='ocrx_word' id='word_1_389' title='bbox 457 3305 543 3352; x_wconf 85' lang='lat' dir='ltr'><strong>verba</strong></span> <span class='ocrx_word' id='word_1_390' title='bbox 561 3314 599 3352; x_wconf 79' lang='lat' dir='ltr'><strong>em</strong></span> <span class='ocrx_word' id='word_1_391' title='bbox 618 3301 735 3352; x_wconf 84' lang='lat' dir='ltr'><strong>otvitote</strong></span> <span class='ocrx_word' id='word_1_392' title='bbox 753 3312 781 3351; x_wconf 82' lang='lat' dir='ltr'><strong>et</strong></span> <span class='ocrx_word' id='word_1_393' title='bbox 796 3316 850 3353; x_wconf 84' lang='lat' dir='ltr'><strong>sua</strong></span> <span class='ocrx_word' id='word_1_394' title='bbox 866 3307 894 3353; x_wconf 90' lang='lat' dir='ltr'><strong>et</strong></span> <span class='ocrx_word' id='word_1_395' title='bbox 911 3304 1120 3369; x_wconf 77' lang='lat' dir='ltr'><strong>conficiendum</strong></span> <span class='ocrx_word' id='word_1_396' title='bbox 1140 3309 1228 3360; x_wconf 78' lang='lat' dir='ltr'><strong>oudini</strong></span> <span class='ocrx_word' id='word_1_397' title='bbox 1253 3312 1297 3362; x_wconf 91' lang='lat' dir='ltr'><strong>iu·</strong></span> 
     </span>
     <span class='ocr_line' id='line_1_41' title="bbox 245 3371 1296 3432; baseline 0.007 -8"><span class='ocrx_word' id='word_1_398' title='bbox 245 3375 341 3424; x_wconf 78' lang='lat' dir='ltr'><strong>nentes</strong></span> <span class='ocrx_word' id='word_1_399' title='bbox 358 3385 411 3423; x_wconf 93' lang='lat' dir='ltr'><strong>non</strong></span> <span class='ocrx_word' id='word_1_400' title='bbox 428 3375 513 3422; x_wconf 85' lang='lat' dir='ltr'><strong>solum</strong></span> <span class='ocrx_word' id='word_1_401' title='bbox 529 3371 673 3421; x_wconf 81' lang='lat' dir='ltr'><strong>dictionem</strong></span> <span class='ocrx_word' id='word_1_402' title='bbox 691 3371 843 3432; x_wconf 78' lang='lat' dir='ltr'><strong>infuscent,</strong></span> <span class='ocrx_word' id='word_1_403' title='bbox 861 3373 910 3421; x_wconf 84' lang='lat' dir='ltr'><strong>sei</strong></span> <span class='ocrx_word' id='word_1_404' title='bbox 927 3375 1009 3425; x_wconf 84' lang='lat' dir='ltr'><strong>etiem</strong></span> <span class='ocrx_word' id='word_1_405' title='bbox 1026 3377 1190 3430; x_wconf 70' lang='lat' dir='ltr'><strong>moeotic-</strong></span> <span class='ocrx_word' id='word_1_406' title='bbox 1206 3381 1296 3431; x_wconf 85' lang='lat' dir='ltr'><strong>inutili</strong></span> 
     </span>
     <span class='ocr_line' id='line_1_42' title="bbox 246 3438 1295 3512; baseline 0.008 -19"><span class='ocrx_word' id='word_1_407' title='bbox 246 3450 361 3496; x_wconf 84' lang='lat' dir='ltr'><strong>onerent</strong></span> <span class='ocrx_word' id='word_1_408' title='bbox 382 3442 572 3493; x_wconf 81' lang='lat' dir='ltr'><strong>eiiitenenco.</strong></span> <span class='ocrx_word' id='word_1_409' title='bbox 607 3440 687 3488; x_wconf 84' lang='lat' dir='ltr'><strong>Vnde</strong></span> <span class='ocrx_word' id='word_1_410' title='bbox 711 3438 781 3489; x_wconf 90' lang='lat' dir='ltr'><strong>enim</strong></span> <span class='ocrx_word' id='word_1_411' title='bbox 805 3439 846 3489; x_wconf 86' lang='lat' dir='ltr'><strong>iiii</strong></span> <span class='ocrx_word' id='word_1_412' title='bbox 874 3440 937 3493; x_wconf 85' lang='lat' dir='ltr'><strong>sive</strong></span> <span class='ocrx_word' id='word_1_413' title='bbox 962 3444 1055 3506; x_wconf 82' lang='lat' dir='ltr'><strong>popuii</strong></span> <span class='ocrx_word' id='word_1_414' title='bbox 1070 3445 1134 3496; x_wconf 85' lang='lat' dir='ltr'><strong>sive</strong></span> <span class='ocrx_word' id='word_1_415' title='bbox 1158 3447 1295 3512; x_wconf 84' lang='lat' dir='ltr'><strong>principes</strong></span> 
     </span>
     <span class='ocr_line' id='line_1_43' title="bbox 244 3508 1296 3573; baseline 0.01 -12"><span class='ocrx_word' id='word_1_416' title='bbox 244 3512 406 3573; x_wconf 85' lang='lat' dir='ltr'><strong>imperatum</strong></span> <span class='ocrx_word' id='word_1_417' title='bbox 434 3524 588 3573; x_wconf 85' lang='lat' dir='ltr'><strong>nnmerum,</strong></span> <span class='ocrx_word' id='word_1_418' title='bbox 617 3508 673 3558; x_wconf 88' lang='lat' dir='ltr'><strong>nisi</strong></span> <span class='ocrx_word' id='word_1_419' title='bbox 695 3520 730 3557; x_wconf 85' lang='lat' dir='ltr'><strong>ex</strong></span> <span class='ocrx_word' id='word_1_420' title='bbox 755 3519 806 3559; x_wconf 81' lang='lat' dir='ltr'><strong>sue</strong></span> <span class='ocrx_word' id='word_1_421' title='bbox 829 3510 943 3573; x_wconf 80' lang='lat' dir='ltr'><strong>quisque</strong></span> <span class='ocrx_word' id='word_1_422' title='bbox 968 3512 1083 3567; x_wconf 68' lang='lat' dir='ltr'><strong>civitate</strong></span> <span class='ocrx_word' id='word_1_423' title='bbox 1104 3515 1296 3571; x_wconf 66' lang='lat' dir='ltr'><strong>conficerent?</strong></span> 
     </span>
     <span class='ocr_line' id='line_1_44' title="bbox 245 3577 1296 3650; baseline 0.01 -19"><span class='ocrx_word' id='word_1_424' title='bbox 245 3583 331 3632; x_wconf 79' lang='lat' dir='ltr'><strong>Multo</strong></span> <span class='ocrx_word' id='word_1_425' title='bbox 350 3581 438 3631; x_wconf 85' lang='lat' dir='ltr'><strong>minus</strong></span> <span class='ocrx_word' id='word_1_426' title='bbox 455 3580 601 3630; x_wconf 81' lang='lat' dir='ltr'><strong>cessarem</strong></span> <span class='ocrx_word' id='word_1_427' title='bbox 629 3578 670 3627; x_wconf 90' lang='lat' dir='ltr'><strong>sio</strong></span> <span class='ocrx_word' id='word_1_428' title='bbox 689 3577 834 3638; x_wconf 84' lang='lat' dir='ltr'><strong>scripsisse</strong></span> <span class='ocrx_word' id='word_1_429' title='bbox 856 3582 984 3632; x_wconf 80' lang='lat' dir='ltr'><strong>credibile</strong></span> <span class='ocrx_word' id='word_1_430' title='bbox 1009 3590 1069 3650; x_wconf 85' lang='lat' dir='ltr'><strong>est,</strong></span> <span class='ocrx_word' id='word_1_431' title='bbox 1094 3594 1177 3646; x_wconf 79' lang='lat' dir='ltr'><strong>quem</strong></span> <span class='ocrx_word' id='word_1_432' title='bbox 1195 3589 1296 3641; x_wconf 86' lang='lat' dir='ltr'><strong>homini</strong></span> 
     </span>
     <span class='ocr_line' id='line_1_45' title="bbox 243 3644 1294 3725; baseline 0.009 -24"><span class='ocrx_word' id='word_1_433' title='bbox 243 3650 327 3701; x_wconf 78' lang='lat' dir='ltr'><strong>elicui</strong></span> <span class='ocrx_word' id='word_1_434' title='bbox 344 3650 451 3698; x_wconf 79' lang='lat' dir='ltr'><strong>indocto</strong></span> <span class='ocrx_word' id='word_1_435' title='bbox 466 3653 495 3698; x_wconf 93' lang='lat' dir='ltr'><strong>ut</strong></span> <span class='ocrx_word' id='word_1_436' title='bbox 512 3661 536 3698; x_wconf 93' lang='lat' dir='ltr'><strong>c.</strong></span> <span class='ocrx_word' id='word_1_437' title='bbox 554 3645 591 3696; x_wconf 77' lang='lat' dir='ltr'><strong>tit</strong></span> <span class='ocrx_word' id='word_1_438' title='bbox 607 3645 634 3706; x_wconf 78' lang='lat' dir='ltr'><strong>S.</strong></span> <span class='ocrx_word' id='word_1_439' title='bbox 652 3644 670 3695; x_wconf 77' lang='lat'>4</span> <span class='ocrx_word' id='word_1_440' title='bbox 686 3647 859 3697; x_wconf 67' lang='lat' dir='ltr'><strong>Hunnorum</strong></span> <span class='ocrx_word' id='word_1_441' title='bbox 876 3650 1016 3702; x_wconf 82' lang='lat' dir='ltr'><strong>civitatem</strong></span> <span class='ocrx_word' id='word_1_442' title='bbox 1032 3654 1236 3725; x_wconf 80' lang='lat' dir='ltr'><strong>provinciam,</strong></span> <span class='ocrx_word' id='word_1_443' title='bbox 1255 3658 1294 3710; x_wconf 85' lang='lat' dir='ltr'><strong>ite</strong></span> 
     </span>
     <span class='ocr_line' id='line_1_46' title="bbox 242 3715 1293 3791; baseline 0.011 -24"><span class='ocrx_word' id='word_1_444' title='bbox 242 3720 269 3768; x_wconf 89' lang='lat' dir='ltr'><strong>li.</strong></span> <span class='ocrx_word' id='word_1_445' title='bbox 289 3720 307 3770; x_wconf 91' lang='grc' dir='ltr'><strong>Ι.</strong></span> <span class='ocrx_word' id='word_1_446' title='bbox 334 3718 450 3769; x_wconf 79' lang='lat' dir='ltr'><strong>(iuliion</strong></span> <span class='ocrx_word' id='word_1_447' title='bbox 471 3717 627 3767; x_wconf 82' lang='lat' dir='ltr'><strong>universam</strong></span> <span class='ocrx_word' id='word_1_448' title='bbox 646 3715 796 3767; x_wconf 80' lang='lat' dir='ltr'><strong>civitatem</strong></span> <span class='ocrx_word' id='word_1_449' title='bbox 813 3721 946 3779; x_wconf 80' lang='lat' dir='ltr'><strong>appellari</strong></span> <span class='ocrx_word' id='word_1_450' title='bbox 965 3722 1053 3772; x_wconf 84' lang='lat' dir='ltr'><strong>visum</strong></span> <span class='ocrx_word' id='word_1_451' title='bbox 1071 3735 1153 3791; x_wconf 88' lang='lat' dir='ltr'><strong>esse,</strong></span> <span class='ocrx_word' id='word_1_452' title='bbox 1178 3738 1214 3776; x_wconf 86' lang='lat' dir='ltr'><strong>ex</strong></span> <span class='ocrx_word' id='word_1_453' title='bbox 1240 3739 1293 3791; x_wconf 81' lang='lat' dir='ltr'><strong>que</strong></span> 
     </span>
     <span class='ocr_line' id='line_1_47' title="bbox 243 3786 1107 3852; baseline 0.007 -17"><span class='ocrx_word' id='word_1_454' title='bbox 243 3786 341 3849; x_wconf 85' lang='lat' dir='ltr'><strong>cuique</strong></span> <span class='ocrx_word' id='word_1_455' title='bbox 358 3788 467 3837; x_wconf 83' lang='lat' dir='ltr'><strong>scilicet</strong></span> <span class='ocrx_word' id='word_1_456' title='bbox 486 3788 582 3848; x_wconf 81' lang='lat' dir='ltr'><strong>populo</strong></span> <span class='ocrx_word' id='word_1_457' title='bbox 602 3795 694 3836; x_wconf 82' lang='lat' dir='ltr'><strong>certus</strong></span> <span class='ocrx_word' id='word_1_458' title='bbox 715 3790 789 3836; x_wconf 83' lang='lat' dir='ltr'><strong>essct</strong></span> <span class='ocrx_word' id='word_1_459' title='bbox 807 3799 934 3839; x_wconf 85' lang='lat' dir='ltr'><strong>numerus</strong></span> <span class='ocrx_word' id='word_1_460' title='bbox 951 3790 1107 3852; x_wconf 83' lang='lat' dir='ltr'><strong>imperatus.</strong></span> 
     </span>
    </p>
   </div>
   <div class='ocr_carea' id='block_1_6' title="bbox 235 3868 1290 4143">
    <p class='ocr_par' dir='ltr' id='par_1_7' title="bbox 235 3868 1290 4143">
     <span class='ocr_line' id='line_1_48' title="bbox 274 3868 1290 3937; baseline 0.013 -18"><span class='ocrx_word' id='word_1_461' title='bbox 274 3872 404 3923; x_wconf 75' lang='lat' dir='ltr'><strong>frumenti</strong></span> <span class='ocrx_word' id='word_1_462' title='bbox 427 3871 571 3936; x_wconf 78' lang='lat' dir='ltr'><strong>notionem]</strong></span> <span class='ocrx_word' id='word_1_463' title='bbox 597 3868 645 3920; x_wconf 82' lang='lat' dir='ltr'><strong>cu.</strong></span> <span class='ocrx_word' id='word_1_464' title='bbox 671 3870 730 3923; x_wconf 88' lang='lat' dir='ltr'><strong>Pet.</strong></span> <span class='ocrx_word' id='word_1_465' title='bbox 755 3873 812 3934; x_wconf 93' lang='lat' dir='ltr'><strong>„ni</strong></span> <span class='ocrx_word' id='word_1_466' title='bbox 831 3877 962 3937; x_wconf 86' lang='lat' dir='ltr'><strong>excerpts</strong></span> <span class='ocrx_word' id='word_1_467' title='bbox 984 3875 1123 3927; x_wconf 81' lang='lat' dir='ltr'><strong>iciiunt.“</strong></span> <span class='ocrx_word' id='word_1_468' title='bbox 1156 3879 1240 3931; x_wconf 78' lang='lat' dir='ltr'><strong>Vind-</strong></span> <span class='ocrx_word' id='word_1_469' title='bbox 1259 3886 1290 3932; x_wconf 77' lang='grc' dir='ltr'><strong>Δ.</strong></span> 
     </span>
     <span class='ocr_line' id='line_1_49' title="bbox 239 3936 1289 4014; baseline 0.014 -27"><span class='ocrx_word' id='word_1_470' title='bbox 239 3936 300 3988; x_wconf 81' lang='lat' dir='ltr'><strong>Alo.</strong></span> <span class='ocrx_word' id='word_1_471' title='bbox 320 3941 365 3988; x_wconf 82' lang='lat' dir='ltr'><strong>ub.</strong></span> <span class='ocrx_word' id='word_1_472' title='bbox 391 3942 440 3994; x_wconf 78' lang='lat' dir='ltr'><strong>Gr.</strong></span> <span class='ocrx_word' id='word_1_473' title='bbox 457 3942 500 3992; x_wconf 86' lang='lat' dir='ltr'><strong>nb.</strong></span> <span class='ocrx_word' id='word_1_474' title='bbox 524 3941 610 3990; x_wconf 81' lang='lat' dir='ltr'><strong>vaso.</strong></span> <span class='ocrx_word' id='word_1_475' title='bbox 635 3952 692 3988; x_wconf 89' lang='lat' dir='ltr'><strong>sec.</strong></span> <span class='ocrx_word' id='word_1_476' title='bbox 716 3941 807 3992; x_wconf 82' lang='lat' dir='ltr'><strong>Brunt.</strong></span> <span class='ocrx_word' id='word_1_477' title='bbox 827 3941 857 3990; x_wconf 91' lang='grc' dir='ltr'><strong>Ρ.</strong></span> <span class='ocrx_word' id='word_1_478' title='bbox 876 3946 950 3994; x_wconf 86' lang='lat' dir='ltr'><strong>Meu.</strong></span> <span class='ocrx_word' id='word_1_479' title='bbox 976 3944 1094 4009; x_wconf 72' lang='lat' dir='ltr'><strong>(iinon.)</strong></span> <span class='ocrx_word' id='word_1_480' title='bbox 1113 3950 1194 4003; x_wconf 70' lang='lat' dir='ltr'><strong>Turn.</strong></span> <span class='ocrx_word' id='word_1_481' title='bbox 1213 3950 1289 4014; x_wconf 85' lang='lat' dir='ltr'><strong>Lips.</strong></span> 
     </span>
     <span class='ocr_line' id='line_1_50' title="bbox 238 4009 1288 4085; baseline 0.013 -29"><span class='ocrx_word' id='word_1_482' title='bbox 238 4009 443 4074; x_wconf 63' lang='lat' dir='ltr'><strong>procreaciondi</strong></span> <span class='ocrx_word' id='word_1_483' title='bbox 459 4011 601 4061; x_wconf 81' lang='lat' dir='ltr'><strong>rationem</strong></span> <span class='ocrx_word' id='word_1_484' title='bbox 618 4010 686 4058; x_wconf 81' lang='lat' dir='ltr'><strong>Ani.</strong></span> <span class='ocrx_word' id='word_1_485' title='bbox 707 4009 757 4058; x_wconf 85' lang='lat' dir='ltr'><strong>Ox.</strong></span> <span class='ocrx_word' id='word_1_486' title='bbox 774 4010 809 4063; x_wconf 90' lang='lat' dir='ltr'><strong>V.</strong></span> <span class='ocrx_word' id='word_1_487' title='bbox 823 4010 853 4061; x_wconf 79' lang='lat' dir='ltr'><strong>G.</strong></span> <span class='ocrx_word' id='word_1_488' title='bbox 869 4014 931 4064; x_wconf 84' lang='lat' dir='ltr'><strong>Vrs.</strong></span> <span class='ocrx_word' id='word_1_489' title='bbox 952 4014 1013 4064; x_wconf 82' lang='lat' dir='ltr'><strong>Noc.</strong></span> <span class='ocrx_word' id='word_1_490' title='bbox 1030 4017 1102 4070; x_wconf 80' lang='lat' dir='ltr'><strong>Her.</strong></span> <span class='ocrx_word' id='word_1_491' title='bbox 1116 4015 1149 4069; x_wconf 83' lang='lat' dir='ltr'><strong>A.</strong></span> <span class='ocrx_word' id='word_1_492' title='bbox 1171 4020 1212 4073; x_wconf 86' lang='lat' dir='ltr'><strong>iu.</strong></span> <span class='ocrx_word' id='word_1_493' title='bbox 1228 4035 1288 4085; x_wconf 78' lang='lat' dir='ltr'><strong>sqq.</strong></span> 
     </span>
     <span class='ocr_line' id='line_1_51' title="bbox 235 4077 1286 4143; baseline 0.014 -17"><span class='ocrx_word' id='word_1_494' title='bbox 235 4109 255 4141; x_wconf 95' lang='lat'>„</span> <span class='ocrx_word' id='word_1_495' title='bbox 265 4077 466 4142; x_wconf 70' lang='lat' dir='ltr'><strong>frumentandi</strong></span> <span class='ocrx_word' id='word_1_496' title='bbox 484 4079 606 4130; x_wconf 75' lang='lat' dir='ltr'><strong>Faernus</strong></span> <span class='ocrx_word' id='word_1_497' title='bbox 627 4079 708 4143; x_wconf 80' lang='lat' dir='ltr'><strong>legit,</strong></span> <span class='ocrx_word' id='word_1_498' title='bbox 726 4089 754 4130; x_wconf 84' lang='lat' dir='ltr'><strong>ec</strong></span> <span class='ocrx_word' id='word_1_499' title='bbox 771 4080 811 4132; x_wconf 87' lang='lat' dir='ltr'><strong>ite</strong></span> <span class='ocrx_word' id='word_1_500' title='bbox 828 4082 909 4133; x_wconf 84' lang='lat' dir='ltr'><strong>nabet</strong></span> <span class='ocrx_word' id='word_1_501' title='bbox 925 4084 998 4136; x_wconf 80' lang='lat' dir='ltr'><strong>iiber</strong></span> <span class='ocrx_word' id='word_1_502' title='bbox 1009 4084 1119 4139; x_wconf 82' lang='lat' dir='ltr'><strong>meus.‘⁴</strong></span> <span class='ocrx_word' id='word_1_503' title='bbox 1144 4087 1210 4141; x_wconf 87' lang='lat' dir='ltr'><strong>Vrs.</strong></span> <span class='ocrx_word' id='word_1_504' title='bbox 1226 4092 1286 4143; x_wconf 79' lang='lat' dir='ltr'><strong>lim.</strong></span> 
     </span>
    </p>
   </div>
   <div class='ocr_carea' id='block_1_7' title="bbox 235 4147 1285 4228">
    <p class='ocr_par' dir='ltr' id='par_1_8' title="bbox 235 4147 1285 4228">
     <span class='ocr_line' id='line_1_52' title="bbox 235 4147 1285 4228; baseline 0.014 -31"><span class='ocrx_word' id='word_1_505' title='bbox 235 4147 492 4213; x_wconf 71' lang='lat' dir='ltr'><strong>frumentationem</strong></span> <span class='ocrx_word' id='word_1_506' title='bbox 517 4148 644 4215; x_wconf 84' lang='lat' dir='ltr'><strong>„reiiqui</strong></span> <span class='ocrx_word' id='word_1_507' title='bbox 669 4151 944 4220; x_wconf 65' lang='lat' dir='ltr'><strong>contremiscis,</strong></span> <span class='ocrx_word' id='word_1_508' title='bbox 969 4156 1034 4211; x_wconf 82' lang='lat' dir='ltr'><strong>icen</strong></span> <span class='ocrx_word' id='word_1_509' title='bbox 1057 4156 1176 4219; x_wconf 72' lang='lat' dir='ltr'><strong>vastos.</strong></span> <span class='ocrx_word' id='word_1_510' title='bbox 1193 4162 1285 4228; x_wconf 69' lang='lat' dir='ltr'><strong>steph.</strong></span> 
     </span>
    </p>
   </div>
   <div class='ocr_carea' id='block_1_8' title="bbox 0 0 1354 4726">
    <p class='ocr_par' dir='ltr' id='par_1_9' title="bbox 0 0 1354 4726">
     <span class='ocr_line' id='line_1_53' title="bbox 0 0 1354 4726; baseline 0 3"><span class='ocrx_word' id='word_1_511' title='bbox 0 0 1354 4726; x_wconf 95' lang='lat' dir='ltr'><strong> </strong></span> 
     </span>
    </p>
   </div>
  </div>
 </body>
</html>
