2700 4726
749 40 769 73 ὑ

179 290 250 360 ott
440 284 724 357 nudatio
756 281 1004 354 nautico
1037 392 1050 409 ι

126 432 166 543 *4
186 481 396 553 coartantur.
462 472 623 546 Germani
665 473 778 540 aurius
824 492 932 560 usque
980 468 1024 538 ad
1069 455 1274 541 munitiones
1330 523 1334 531 .

220 666 328 720 caesor
342 663 506 730 siguificare
523 664 664 729 voluisse,
681 671 739 714 tots
754 666 849 714 outre
864 675 917 713 nou
935 665 1055 727 tantum,
1075 665 1122 713 sed
1140 672 1169 713 et
1185 663 1276 714 maio·

221 750 268 789 res
295 740 408 798 portas,
434 735 513 784 fossa
532 743 561 785 et
578 734 702 785 maceria
728 734 859 784 obductas
885 732 989 796 fuisse,
1015 735 1053 784 ita
1067 735 1099 782 nt
1118 735 1170 783 hae
1186 745 1278 796 angu-

223 806 325 855 stiores
349 806 385 854 ad
406 804 570 854 redeundum
594 802 698 853 fuerint
717 802 846 852 relictae:
871 811 961 863 quare
974 815 1034 852 cum
1053 801 1096 851 hio
1114 815 1146 850 se
1165 807 1280 852 coarta-

222 876 307 938 eant,
333 873 440 936 quidem
465 874 571 924 fossam
598 880 626 922 et
648 870 795 923 maceriam
818 871 957 921 trausiiire
975 871 1064 922 conati
1084 878 1158 921 sunt.
1194 871 1279 923 Reli-

224 947 306 996 ctum
321 942 421 993 dieitur
439 941 554 993 Caesari
573 950 600 990 et
616 940 682 990 alibi
703 940 747 1002 id,
772 941 842 1001 qnod
861 947 995 1001 superest.
1033 939 1102 989 Vide
1129 941 1164 989 ad
1189 940 1221 991 0.
1241 940 1278 989 V.

224 1026 251 1064 o.
269 1013 311 1060 to.
347 1013 431 1062 immo
449 1023 475 1060 o.
493 1012 537 1062 di.
563 1010 671 1060 duodus
688 1009 799 1060 relictis
817 1010 930 1073 portis,
955 1005 1110 1061 obstruere
1119 1007 1279 1061 -ceteras.“

224 1082 314 1135 necta
331 1082 375 1131 iric
394 1081 441 1131 via
458 1081 493 1129 ad
513 1083 640 1130 tuendum
663 1077 775 1129 relictis
797 1077 957 1141 ingressus,
976 1080 1052 1140 =quod
1071 1080 1185 1129 verbum
1205 1075 1300 1128 Vos-=

226 1152 308 1213 sius,
328 1151 351 1200 si
371 1149 426 1209 ita,
444 1155 474 1197 ut
491 1151 573 1211 paulo
590 1155 652 1210 post
670 1151 698 1196 et
714 1148 813 1210 vulgo,
834 1147 1019 1208 accipiendum
1037 1149 1128 1209 esset,
1153 1159 1205 1198 uon
1225 1149 1280 1198 im-

226 1218 326 1270 merito
345 1217 539 1282 eiicieoat5in
557 1217 719 1278 expiionnda
736 1228 797 1265 cum
813 1215 908 1282 nnius,
925 1220 980 1266 tum
995 1216 1177 1279 comparativi
1190 1217 1281 1280 signi-

224 1288 351 1340 ficatione
369 1287 481 1350 propius
500 1287 648 1336 adserunt
666 1286 803 1348 accessit,
823 1297 905 1347 quarn
926 1285 971 1348 qui
989 1297 1049 1334 cum
1068 1286 1214 1349 hippeus,
1232 1287 1281 1347 qui

225 1359 303 1409 iilum
328 1355 515 1420 reprehendit,
541 1355 752 1416 interpretantur
774 1355 811 1408 bit
836 1354 925 1422 &tinet
950 1354 1037 1422 putten
1062 1353 1088 1409 in
1113 1357 1153 1419 btt
1178 1357 1280 1411 mounes

225 1425 376 1486 (maceria)
397 1438 447 1480 tut
464 1420 565 1492 [metuit
585 1423 713 1491 &inpingo
734 1423 853 1490 petrafita,
880 1428 908 1472 et
925 1424 972 1486 qui
989 1423 1163 1486 augustiores
1182 1433 1280 1484 portas

224 1495 308 1546 nimis
331 1503 464 1558 augustus
488 1492 659 1559 intelligunt,
683 1495 715 1542 ut
732 1491 950 1542 Baumstarkius.
992 1489 1032 1541 Ab
1057 1490 1093 1541 iis
1116 1493 1204 1555 enim,
1232 1494 1281 1556 qui

225 1567 351 1617 fecerant
374 1560 556 1627 munitiones,
579 1570 672 1624 portas
698 1561 727 1609 io
750 1561 879 1611 struendo
904 1559 983 1610 trimis
1008 1564 1140 1624 angustas
1164 1563 1281 1612 relictas

225 1634 333 1695 fuisse,
357 1632 578 1695 quemadmodum
606 1630 666 1682 cir.
689 1633 722 1692 2,
747 1632 765 1679 9
790 1628 817 1689 S.
837 1630 855 1681 8
879 1629 974 1679 turrim
993 1640 1168 1681 exstruentes
1193 1633 1281 1697 sene-

224 1705 307 1753 rtros
324 1701 514 1751 instruendo
531 1699 684 1762 reliquisse
701 1699 838 1760 dicuntur,
859 1702 939 1761 atque
955 1701 1008 1747 noo
1023 1708 1163 1761 portarum
1181 1701 1281 1750 vitium

226 1770 406 1822 coartationis
427 1781 539 1820 oausam
555 1767 698 1817 exstitisse
723 1768 858 1830 equitibus
878 1780 911 1818 eo
929 1766 1017 1827 magis
1038 1769 1192 1831 perspicuis
1211 1781 1280 1820 ver-

225 1841 270 1890 bis
293 1840 431 1890 docendos
455 1842 516 1887 erat
538 1839 641 1900 lector,
668 1837 825 1898 quominus
847 1838 988 1896 utrumque
1007 1849 1057 1897 pet·
1074 1850 1105 1886 se
1124 1838 1281 1888 verisimile

226 1917 311 1959 esset.
346 1909 400 1957 Sed
424 1906 550 1968 pressius
567 1905 697 1955 insistere
715 1905 921 1967 Oudendorpius
941 1904 1067 1966 vestigiis
1092 1906 1147 1957 ioci
1163 1909 1200 1959 ab
1216 1906 1280 1968 ipso

225 1976 372 2031 monstrati
399 1977 442 2034 (o,
460 1975 493 2025 41
518 1975 546 2036 S.
564 1972 597 2033 4)
621 1974 737 2024 debebat
761 1976 790 2023 et
812 1975 930 2024 maiores
952 1975 1045 2035 portas
1065 1985 1117 2023 non
1144 1976 1226 2041 fosso
1251 1979 1281 2028 et

226 2044 531 2109 mammotrectus,
553 2046 603 2093 sed
621 2040 785 2104 simpliciter
809 2044 975 2093 obstructos
999 2054 1017 2091 a
1034 2043 1124 2093 Gaiiis
1148 2046 1282 2108 irruptio-

226 2128 290 2166 nem
307 2116 491 2165 Romanorum
507 2111 664 2164 timentibus
685 2115 714 2161 et
733 2111 775 2163 ita
793 2112 969 2176 augustiores
987 2112 1100 2161 reliotas
1118 2125 1282 2179 agnoscere,

227 2196 298 2248 quae
320 2180 511 2245 interpretatio
536 2182 631 2233 neseio
647 2182 730 2245 ouius
745 2182 799 2233 viri
816 2180 889 2232 docti
907 2190 950 2230 est
973 2181 1102 2231 induor.
1123 2183 1164 2232 his
1185 2185 1281 2236 verbis

225 2252 396 2316 perscripta:
423 2254 496 2303 torte
518 2251 640 2302 maiores
663 2250 774 2308 inerunt
798 2252 956 2302 obstructae
983 2257 1012 2299 et
1033 2251 1152 2303 minores
1175 2256 1211 2305 ad
1232 2267 1282 2305 eos

226 2321 399 2384 recipiendos
416 2323 528 2382 apertae
548 2319 673 2372 relictae.

261 2391 436 2448 coartantur]
469 2390 539 2438 Aud.
558 2390 610 2440 οι.
627 2388 674 2438 cu.
694 2389 721 2437 S.
739 2386 818 2441 Laid.
839 2389 872 2445 A.
895 2399 982 2451 marg.
1001 2388 1061 2439 Pei.
1081 2388 1145 2438 Par.
1159 2389 1190 2440 Β.
1209 2390 1283 2445 liar.

152 2474 157 2479 ·
225 2460 261 2512 A.
278 2459 361 2509 Vind.
381 2456 439 2507 An.
458 2457 520 2507 Aid.
538 2471 596 2519 sqq.
615 2458 741 2516 (coarat.
759 2469 845 2519 marg.
865 2458 925 2508 Pet.
945 2457 1027 2508 Febr.
1046 2456 1107 2508 Aid.
1127 2469 1153 2508 a.
1169 2460 1219 2513 Gr.
1236 2462 1282 2527 ab.

225 2528 268 2577 st.
293 2527 324 2577 Ρ.
350 2529 424 2576 Man.
452 2527 532 2575 'dorm
558 2526 606 2575 Gr.
634 2525 703 2575 Dav.
725 2523 781 2583 ci.)
808 2529 1024 2577 coacervantur
1042 2528 1134 2578 Brant.
1152 2528 1231 2580 Leid.
1250 2533 1281 2585 B.
1335 2514 1342 2537 ⁴

227 2596 298 2647 lior.
317 2596 389 2645 Dulr.
408 2595 493 2644 Dorv.
512 2593 598 2643 Palm.
616 2593 694 2643 carr.
715 2596 775 2646 cod.
794 2595 872 2646 Turn·
891 2594 982 2657 supi.
1001 2609 1058 2646 reo.
1079 2597 1175 2647 flotom
1196 2599 1282 2664 Boug.

226 2665 258 2715 c.
276 2663 336 2716 Pal.
361 2664 410 2713 Dr.
431 2663 461 2712 B.
488 2663 570 2713 Vrat.
584 2659 615 2712 c.
641 2669 756 2712 etam.
776 2674 799 2715 s.
818 2665 846 2712 B.
867 2665 946 2716 Goth.
968 2665 1023 2716 AB.
1044 2666 1126 2715 vind.
1145 2658 1202 2718 (ιι).
1220 2671 1283 2720 edd.

227 2735 292 2784 aute
315 2732 376 2781 Aid.
402 2744 437 2783 m.
461 2731 548 2782 vaso.
571 2733 621 2788 (m.
640 2730 743 2792 Freii.)
767 2732 936 2785 coacervati
960 2733 1099 2800 ,‚reiiqui,
1130 2735 1157 2786 iu
1181 2736 1285 2801 quibus

117 2842 119 2848 ,
227 2804 362 2864 oongars.
389 2812 431 2861 pr.
457 2799 561 2851 Busiid.
585 2800 682 2850 Petav.
709 2802 839 2864 idgmond.
864 2798 955 2852 voss.
973 2804 1052 2866 prim.
1075 2812 1104 2853 et
1122 2807 1170 2857 Ed.
1192 2804 1285 2861 luo.“

226 2871 287 2922 Pet.
309 2871 391 2919 Voss.
409 2872 444 2922 A.
461 2872 538 2933 Egra.
564 2868 640 2920 Gott.
664 2869 733 2920 bor.
760 2870 855 2920 Heius.
874 2871 942 2929 Lib.
966 2872 1048 2924 Febr.
1076 2873 1159 2939 liong.
1177 2876 1212 2925 A.
1239 2878 1283 2931 ΡΙ.

227 2941 294 2991 Par.
311 2941 344 2989 A.
364 2939 442 2989 vrat
461 2938 495 2988 A.
514 2944 542 2989 et
561 2949 579 2988 a
597 2950 631 2987 m.
650 2950 692 2999 pr.
712 2940 741 2988 B.
763 2940 861 2992 Humi.
887 2941 939 2992 Gn.
964 2942 1047 2993 Viud.
1064 2943 1094 2993 u.
1114 2952 1159 3010 et,
1182 2948 1247 3011 sq».
1265 2963 1285 3002 a

227 3022 263 3060 ut.
282 3023 307 3059 s.
330 3003 420 3070 l'tar‚
439 3007 488 3057 Dr.
505 3009 540 3056 A.

261 3075 288 3136 S.
307 3072 325 3125 4
346 3076 488 3136 Germani]
511 3074 558 3126 sio
575 3075 674 3139 scripti
690 3075 809 3140 editique
827 3075 924 3143 iidem,
949 3076 995 3140 qni
1012 3081 1210 3146 coartantur,
1231 3050 1284 3135 ex.

227 3143 315 3207 neptis
332 3143 415 3195 Viud.
432 3145 464 3194 F.
485 3152 513 3195 et
532 3144 618 3211 0ud.,
647 3142 770 3207 quitum
793 3154 981 3211 praeponunt,
1005 3149 1076 3208 qnod
1095 3148 1124 3198 in
1141 3151 1228 3217 Bong.
1247 3153 1282 3209 A,

227 3215 270 3264 Pi.
294 3221 322 3264 et
346 3213 411 3267 Par.
430 3219 464 3267 A.
490 3213 612 3275 proximo
637 3214 805 3267 coacervati
827 3216 975 3280 adhaeret,
1005 3215 1033 3265 in
1059 3217 1175 3281 reliquis
1203 3223 1283 3280 (Pet.

227 3284 312 3335 Voss.
333 3285 367 3331 A.
390 3284 466 3346 Egm.
491 3284 560 3332 uon.
586 3285 664 3335 Torr.
689 3285 771 3334 Febr.
797 3284 892 3335 Lamo.
916 3283 995 3333 carr.
1015 3285 1073 3339 eod.
1094 3289 1173 3340 Turr.
1192 3290 1281 3342 cono.

223 3351 280 3402 flu.
297 3351 379 3404 vind.
389 3352 419 3399 ld.
437 3351 590 3413 ceterisque
603 3364 621 3402 a
633 3365 676 3402 me
689 3353 814 3410 ooiiatis)
830 3364 953 3402 seorsum
970 3355 1040 3417 „vel
1052 3353 1154 3423 cnm“,
1171 3360 1282 3426 (stepo.

228 3421 287 3471 ort.
305 3422 380 3472 Gott.
399 3420 481 3468 daur.
501 3422 568 3473 Wi.
588 3428 617 3470 et
633 3433 652 3472 a
669 3435 702 3471 m.
722 3435 762 3484 pr.
780 3421 861 3471 Vret.
880 3421 926 3480 Β.)
950 3421 1081 3485 scriptum
1099 3426 1209 3489 legitur.
1247 3432 1282 3484 ln

99 3490 103 3499 '
176 3528 180 3533 .
227 3490 312 3541 Voss.
331 3491 363 3537 A.
382 3488 542 3540 densante
561 3492 713 3541 comeret
733 3488 899 3542 domionis.

262 3557 357 3609 uerius
374 3555 473 3623 usque]
492 3552 607 3609 aeriter
624 3571 715 3625 respue
734 3561 837 3624 „desit
856 3556 884 3608 4.
902 3565 930 3607 et
947 3560 997 3610 Ed.
1015 3558 1096 3614 lno.“
1114 3563 1190 3616 oott.
1208 3568 1282 3623 ιον.

227 3626 279 3677 Lo.
305 3627 353 3677 Dr.
373 3628 408 3679 A.
433 3626 515 3678 Vrat.
539 3628 571 3679 Β.
600 3629 777 3781 Emi&
801 3629 883 3681 vind.
902 3628 933 3677 Β.
964 3630 1122 3697 aeriasque
1145 3634 1228 3688 Voss.
1247 3637 1282 3688 A.

671 3710 735 3757 ·.'÷·'
1289 3725 1297 3741 .

196 3784 200 3797 “
247 3793 274 3855 s.
289 3791 309 3843 4
325 3793 431 3854 aomos]
452 3797 510 3845 noc
524 3794 547 3844 si
565 3794 605 3847 ita
616 3762 866 3863 dictn'h'tiffleptum
886 3799 970 3853 vaide
994 3800 1142 3853 convenire
1166 3804 1196 3855 in
1214 3807 1280 3858 edu.

193 3871 248 3928 eet,
268 3867 299 3913 ut
313 3865 474 3915 audiendum
490 3865 526 3914 sit
539 3877 624 3930 poam
637 3867 743 3933 antap
786 3862 801 3919 ζ’
826 3869 1080 3921 demonstravimus.
1115 3871 1158 3922 cr.
1184 3878 1220 3940 3,
1244 3878 1280 3927 26

192 3931 326 3982 Germani
344 3932 421 3983 initio
440 3934 528 3985 minus
546 3935 650 3985 acriter
667 3948 716 3984 se·
780 3952 787 3986 ·.
805 3935 838 3987 4:
865 3937 935 3988 Tum
955 3951 1026 3990 vero
1044 3942 1172 3994 tumore
1189 3944 1224 3996 od
1244 3957 1280 3998 eo

192 3999 252 4051 euti
283 4007 311 4067 et
341 4004 509 4053 coartatione
534 4003 584 4054 iiia
610 4002 716 4076 inuitati
757 4009 846 4068 parte
860 4008 960 4059 audito
977 4009 1075 4061 nostri
1089 4013 1280 4080 redintepra-

193 4081 260 4119 esse
278 4068 484 4134 significentur3
502 4070 546 4121 oui
564 4074 717 4125 sententiae
759 4075 799 4128 tu
816 4075 945 4143 virdun,
970 4078 1046 4143 pond
1060 4076 1231 4149 ploratione
1249 4084 1281 4134 in

193 4139 258 4192 item
282 4139 317 4192 ab
333 4138 402 4193 oud.
426 4147 491 4191 ante
508 4140 647 4194 Gerntoni
670 4157 717 4194 re·
758 4157 809 4209 ape
833 4146 976 4201 uictoriae
1000 4149 1134 4205 occidere
1158 4164 1279 4207 eontu-

317 4466 418 4613 ιιι
