2700 4726
367 315 473 388 ΗΒ.
498 316 581 385 vll.
630 315 750 388 GAP.
773 319 817 387 32
1094 317 1161 385 491

72 504 142 573 loci
162 511 296 594 posset,
315 502 398 591 quid
420 504 494 592 lpse
518 505 561 572 ud
583 506 769 593 Avaricum
794 504 973 586 sensisset,
995 527 1068 571 cum
1089 506 1163 571 sine

73 594 160 660 duee
186 599 222 658 et
251 593 323 659 sine
353 593 506 680 equitatu
533 594 751 684 deprehensis
773 594 929 660 hostibus
953 596 1162 682 exploratam

74 681 251 749 victoriam
278 678 484 760 dimisisset,
513 702 554 746 ne
577 704 717 766 pervum
740 681 838 747 modo
864 681 1099 748 detrimentum
1128 680 1162 747 in

75 769 290 837 contentione
317 775 459 858 propter
481 768 694 855 iniquitatem
716 770 783 837 loci
805 768 984 840 accideret.
1027 767 1165 857 Quanto
1186 769 1207 829 8

145 974 173 1035 s.
191 976 208 1023 2
225 971 377 1040 accideret]
400 974 542 1029 ceciderit
554 975 601 1025 Dr.
616 976 648 1025 A.
662 975 809 1040 acciperet
824 976 896 1026 Her.
912 977 945 1026 A.
959 977 1040 1027 vind.
1055 980 1089 1026 A.
1103 975 1166 1025 Ain.

111 1047 141 1096 et
154 1053 271 1106 excepta
284 1047 323 1094 lt.
337 1053 482 1106 sequentes
496 1057 582 1106 usque
596 1045 630 1095 ad
644 1044 711 1097 ond.
728 1046 773 1108 qui
787 1045 935 1096 accideret
946 1044 1076 1108 restituit,
1095 1042 1166 1106 quod

112 1115 223 1180 „liong.
256 1113 405 1180 Vossiani‚
434 1112 603 1179 herienses,
637 1114 738 1176 scalig.
770 1115 867 1166 Peter.
899 1117 1007 1166 Levan.
1032 1114 1165 1177 ligmnnd.

110 1185 183 1236 Dok.
208 1181 284 1232 Gerr.
312 1183 386 1234 (inte.
413 1194 473 1233 eum
492 1183 559 1236 Edu.
583 1183 677 1233 multis
698 1184 895 1234 vetustissimis
912 1193 941 1233 et
957 1186 990 1234 lt.
1008 1179 1166 1242 scenicum

112 1252 249 1303 exhibent.
285 1252 318 1302 ln
335 1253 416 1303 Fahr.
435 1252 583 1303 accideret
601 1265 635 1301 ex
659 1253 741 1304 Voss.
759 1256 794 1305 A.
812 1255 880 1315 ,Pet
898 1255 974 1317 higna.
993 1253 1068 1303 tiott.
1085 1250 1167 1312 Lbh,

112 1320 141 1371 in
160 1321 243 1372 cond.
268 1333 303 1369 ex
324 1321 382 1372 Pet.
402 1322 483 1383 Bong.
503 1318 534 1371 G·
560 1333 647 1384 neque
668 1322 743 1373 eliud
760 1335 795 1371 ex
813 1323 895 1385 Boug.
913 1326 947 1372 A.
966 1334 985 1372 a
1002 1323 1043 1371 Pl.
1065 1327 1112 1372 eut
1132 1333 1168 1369 ex

112 1392 177 1442 Par.
197 1392 230 1439 Α.
248 1401 266 1438 a
285 1388 413 1452 Beyerho
432 1390 562 1440 retertur.
599 1390 695 1441 Potest
711 1390 739 1440 id
756 1393 850 1442 eodem
868 1404 962 1443 errore
979 1392 1083 1441 tactum
1101 1400 1168 1439 esse

113 1460 142 1510 in
158 1457 200 1507 his
215 1458 363 1522 codicibus,
383 1457 523 1522 quoius.
545 1454 664 1509 et'Leid.
681 1459 715 1508 A.
734 1460 840 1510 facturn
859 1462 983 1523 videtur;
1002 1466 1031 1510 et
1048 1461 1119 1520 quod
1134 1459 1170 1509 ed

114 1528 256 1579 dictionem
274 1529 388 1592 attinet,
411 1529 560 1591 acciperet
580 1529 681 1577 nullom
701 1527 874 1579 offensionem
892 1531 990 1596 hebet,
1019 1531 1170 1580 occideret

115 1598 274 1648 inusitatum
297 1601 349 1646 est
393 1596 608 1647 Incommodum
633 1595 740 1658 quidem
768 1611 820 1648 nou
843 1600 930 1648 solum
955 1597 1049 1661 accipi
1067 1598 1170 1649 dicitur

116 1664 157 1727 (5,
179 1665 254 1725 108.
273 1668 300 1722 2.
321 1666 356 1728 7,
375 1663 454 1731 tte.
473 1668 498 1722 1.
523 1667 577 1727 29,
594 1662 620 1716 4.
643 1665 696 1727 30,
717 1669 741 1718 1.
759 1670 786 1716 3.
813 1663 1122 1732 civ.3,10§.4.73,
1143 1665 1169 1718 5.

115 1736 161 1797 77,
181 1738 215 1789 2.
227 1736 305 1787 Alex.
322 1730 368 1798 40,
387 1735 414 1786 5.
431 1733 478 1800 42,
497 1736 521 1785 1.
540 1730 586 1797 43,
604 1731 645 1797 2.)
658 1735 707 1783 sed
727 1736 809 1785 etiem
826 1736 959 1789 accidere
978 1737 1027 1802 (8,
1043 1733 1079 1789 24
1097 1735 1124 1796 s.
1143 1739 1171 1787 3.

115 1805 176 1857 cir.
196 1804 228 1870 1,
252 1800 289 1858 48
304 1803 330 1866 §.
352 1803 377 1857 1.
401 1803 499 1868 quihus
516 1803 585 1855 locis
604 1805 673 1855 oud:
691 1804 835 1856 lectionem
853 1818 929 1858 suem
948 1805 1055 1871 tuetur)
1072 1806 1173 1859 detri-

82 1989 173 2042 tineri
186 1991 349 2054 potuissent
360 1998 389 2041 et
400 1989 530 2042 militibus
542 1992 608 2056 tum,
650 1987 771 2042 admisso
795 1987 857 2040 cir.
881 1992 915 2054 2,
941 1990 977 2040 10
1000 1989 1062 2050 §.5
1088 1994 1177 2043 verba

84 2072 146 2110 cum
164 2061 275 2110 retineri
292 2074 347 2110 nnn
366 2064 493 2125 possent,
524 2071 608 2120 expe·
644 2060 794 2131 'fastiqctc
809 2060 898 2123 cique
914 2060 1074 2110 ordinatim
1090 2064 1176 2111 stru-

82 2129 165 2179 situm
200 2129 252 2177 iam
283 2129 370 2178 icisse
395 2127 514 2180 ostendit
538 2128 608 2190 quod
651 2130 699 2179 cto
722 2126 856 2188 explicari
879 2137 1000 2187 possunt.
1040 2131 1094 2181 sen
1112 2129 1177 2181 clv.

83 2200 119 2249 ad
135 2196 290 2248 retinendos
308 2208 358 2248 eos
374 2204 403 2247 ee
418 2198 454 2246 ed
468 2194 611 2247 temerite-
652 2197 684 2258 1,
707 2198 743 2245 39
762 2192 802 2255 (i.
822 2192 853 2257 5)
871 2204 899 2243 et
916 2195 1069 2260 Reisigium
1086 2199 1178 2250 schol.

83 2276 140 2317 tem
158 2268 188 2315 et
204 2267 379 2329 cupiditatem
392 2277 486 2317 eorum
499 2276 609 2326 compe·
652 2279 679 2328 p.
697 2266 751 2317 762
767 2263 898 2315 memorie
910 2265 1019 2330 fefellit,
1036 2266 1061 2317 sl
1074 2267 1178 2318 audito

83 2336 214 2386 edendam
228 2337 257 2384 et
267 2336 456 2386 refrenandam
471 2335 609 2386 sotlsesse
652 2331 819 2395 Pompeium
847 2333 947 2384 adesse
978 2335 1034 2399 legi
1059 2337 1179 2400 putarit,

83 2404 242 2456 debuissem
267 2405 396 2465 primum,
415 2405 484 2468 quid
501 2403 611 2467 iniqui·
652 2415 740 2466 neque
758 2412 854 2451 verum
873 2406 1003 2464 estquod
1021 2404 1120 2455 ibidem
1133 2404 1179 2456 in-

85 2477 135 2526 tas
151 2475 206 2523 ioci
223 2477 339 2541 posset,
364 2476 434 2536 quod
453 2486 477 2523 c.
495 2473 530 2526 45
548 2470 610 2532 §.9
652 2475 698 2522 tre
715 2472 855 2520 cancellos
872 2472 991 2523 additum
1009 2477 1066 2524 est:
1084 2487 1123 2530 teo
1142 2474 1181 2530 eie

85 2544 124 2594 ab
139 2541 199 2604 low
213 2543 334 2592 Caesare
347 2541 512 2606 nriioslium
527 2552 610 2591 θεοῦ·
653 2543 741 2596 ieeott
753 2538 873 2606 inuenit
884 2541 996 2609 ,utinen
1010 2545 1111 2597 audito
1129 2546 1181 2600 tub

84 2612 176 2676 pinam
208 2613 237 2660 ct
265 2612 294 2661 in
320 2611 452 2662 concione
478 2610 610 2671 militibus
653 2609 801 2673 audieret.
842 2609 982 2678 Profecto
1009 2624 1099 2665 eutem
1116 2612 1180 2665 cir.

85 2679 241 2742 expositum
265 2693 290 2731 e.
310 2678 347 2734 47
371 2679 397 2741 S.
419 2681 434 2731 1
461 2677 612 2742 significari
654 2679 680 2742 1,
698 2679 734 2729 30
751 2679 779 2740 s.
797 2682 830 2742 3,
849 2680 919 2741 quod
938 2683 1073 2733 nonnullis
1090 2682 1183 2735 simile

86 2750 225 2808 vidimus3
253 2748 369 2811 deinde,
400 2749 469 2814 quid
495 2748 555 2810 ipse
573 2746 612 2797 ed
655 2747 718 2798 huic
748 2748 882 2811 exposito
912 2749 1072 2813 videbatur,
1106 2752 1182 2803 elius

84 2820 245 2872 Avaricum
261 2818 414 2884 sensisset,
439 2815 517 2865 culus
534 2829 613 2866 men·
655 2817 766 2878 generis
778 2829 842 2867 esee
854 2826 930 2866 recte
942 2822 1045 2870 monuit
1055 2821 1182 2873 Heldius.

64 2889 188 2940 'tionem
215 2888 305 2938 abeo
328 2887 422 2938 eadem
440 2886 467 2935 in
485 2884 614 2934 concione
656 2884 780 2948 lienique
810 2888 912 2937 errato
939 2892 967 2936 et
992 2893 1074 2942 recte
1099 2892 1183 2958 facto

18 2976 22 2989 ·
85 2959 192 3010 tactem
205 2959 249 3006 hic
260 2958 364 3006 demum
380 2953 540 3018 accipimus,
553 2965 615 3003 eum
658 2955 730 3018 apud
748 2954 806 3007 cic.
824 2955 866 3004 De
884 2957 946 3016 lege
965 2969 1023 3020 agr.
1041 2961 1075 3021 2,
1106 2958 1185 3019 NJ.
1236 2998 1239 3005 .

86 3027 150 3089 ipse
161 3039 219 3077 cem
232 3038 251 3077 a
261 3022 616 3086 tribunislegetisqueepud
659 3019 692 3083 5)
710 3021 792 3072 etiem
810 3022 835 3072 si
852 3026 900 3074 coi
916 3036 1012 3078 verum
1028 3028 1080 3096 sit,
1097 3028 1187 3078 dativi

88 3095 217 3159 singutas
238 3094 362 3158 legiones
379 3092 514 3142 retinendi
531 3101 618 3140 cause
660 3093 733 3150 suot,
750 3103 803 3140 nou
819 3093 943 3144 ablativi.

87 3166 217 3217 iteratam
232 3168 328 3226 postea
342 3161 617 3223 demumaccepissee.
712 3157 738 3218 S.
771 3162 788 3208 2
824 3165 994 3224 exploratam
1027 3161 1187 3230 victoriam]

88 3237 135 3287 Ac
158 3234 325 3284 tribunorum
351 3233 554 3296 legatorumque
583 3241 618 3278 ex
660 3229 718 3279 Hoc
749 3228 785 3277 ed
815 3232 985 3292 hyperbolen
1019 3233 1186 3285 rhetoricam

89 3316 142 3356 ore
164 3302 279 3354 missum
301 3303 363 3365 ipse
386 3313 531 3364 prenomen
554 3299 619 3361 quid
661 3303 788 3360 spectare
806 3301 896 3350 visum
914 3302 1102 3365 estlirancro,
1122 3300 1187 3367 quie

92 3371 146 3424 sibi
158 3371 238 3440 velit,
254 3373 378 3434 apparet.
411 3371 504 3433 Neque
517 3369 619 3420 ehscns
661 3376 696 3417 ex
714 3379 738 3415 c.
756 3366 790 3415 to
808 3366 832 3428 s.
848 3368 866 3420 t
883 3369 962 3420 dictis
977 3370 1120 3422 victoriam
1133 3383 1189 3421 non

92 3455 155 3496 rum
180 3449 225 3492 est
246 3439 408 3491 sententiam
427 3440 562 3503 oratoris,
594 3436 619 3486 si
662 3444 717 3487 tam
736 3435 845 3487 facilem
863 3442 892 3489 et
910 3441 1013 3489 certem
1031 3441 1121 3490 tuisse
1137 3451 1189 3503 ap-

93 3525 131 3564 ee
148 3512 209 3577 fult,
225 3522 304 3575 quam
318 3509 480 3559 Germanice
495 3505 619 3557 enunties
663 3513 766 3569 pereat.
807 3508 861 3556 Sed
878 3507 988 3558 facilem
1006 3522 1065 3559 earn
1084 3509 1191 3561 Caesar

93 3586 127 3639 te
149 3581 224 3651 thuin
240 3579 295 3644 boui
315 3575 451 3645 uotpeiteitt
465 3576 564 3632 metten
581 3575 622 3643 iti,
663 3588 697 3626 ne
717 3574 760 3624 hie
778 3576 885 3637 quinem
903 3576 1040 3639 appellat:
1058 3579 1191 3642 explore-
1238 3574 1241 3581 '

94 3653 210 3704 brevius
245 3649 326 3700 simul
361 3651 389 3697 et
422 3646 621 3711 significantius
664 3653 720 3696 tam
737 3651 885 3696 etcertum
902 3649 1034 3714 appellat,
1052 3647 1115 3710 quia
1129 3647 1192 3698 siue

96 3717 236 3773 enuntiari
252 3730 306 3769 non
322 3718 455 3781 petuisse,
473 3726 553 3777 quam
569 3717 621 3764 hoc
665 3718 733 3764 duce
757 3722 785 3764 et
810 3715 870 3764 sine
888 3716 1011 3789 equitatu
1029 3712 1192 3779 deprehensi

95 3787 235 3856 participii
264 3786 403 3852 ablativo,
433 3784 513 3835 euius
543 3796 622 3833 usum
665 3792 760 3833 esseut
777 3785 869 3834 hostes
875 3798 885 3848 3
907 3786 1031 3837 dubitare
1047 3794 1139 3839 eutem
1157 3784 1193 3835 tle

96 3871 151 3912 uno
171 3866 249 3910 certe
269 3851 412 3906 Ciceronis
428 3855 456 3904 in
473 3856 535 3905 loeo
552 3853 624 3903 obti-
666 3865 701 3903 ea
712 3866 748 3902 ne
760 3853 788 3902 in
801 3853 859 3904 iliis
871 3855 976 3919 quidem
986 3857 1105 3921 ridetur,
1120 3865 1193 3918 quae

97 3937 205 3981 nentem
225 3925 379 3993 (neom,
397 3926 431 3976 12
444 3926 470 3987 s.
484 3918 535 3986 tt)
552 3922 624 3972 scri·
667 3934 692 3973 c.
719 3914 752 3972 rb
779 3923 879 3974 milites
904 3926 1016 3977 edocet:
1049 3925 1195 3976 eruentem

99 3996 223 4061 ptorihue
254 4003 344 4046 autem
382 3999 447 4057 post
477 3993 625 4044 Gaesarem
666 3992 727 4042 fore
754 3993 899 4053 praevidet
922 3995 1035 4061 ideoque
1060 4006 1079 4045 e
1102 4001 1196 4058 pugne

100 4066 224 4119 omnihus
240 4065 322 4116 valde
337 4064 500 4116 familiarem
518 4073 536 4110 a
553 4060 625 4112 cae·
667 4059 795 4111 abstinet.
979 4084 982 4091 ,

100 4146 166 4187 sare
189 4132 346 4185 ehiodieere
368 4146 401 4185 eo
425 4131 513 4196 magis
530 4131 626 4183 incon-
720 4141 838 4193 pervum
874 4133 953 4192 modo
988 4128 1194 4197 detrimentum]

101 4206 203 4260 mltum
227 4203 352 4271 ridetur,
383 4214 435 4268 quo
457 4199 570 4254 tacilius
593 4212 626 4253 eo
668 4196 803 4267 (11.6,85
816 4200 844 4265 S.
857 4205 890 4254 3:
906 4215 1008 4258 mance
1023 4204 1091 4257 erat
1104 4201 1196 4267 noim,
