2700 4726
462 258 567 376 ure.
591 303 672 397 vin
718 302 905 379 cauea
1026 316 1028 321 ⁴
1155 314 1224 385 art

138 510 176 554 ac
198 488 353 556 turribus
384 493 518 560 traiecti
541 495 622 582 pilis
644 495 831 563 muralibus
846 495 1050 571 interibant.
1101 497 1264 565 Muttine

136 575 284 665 undique
309 579 506 646 vulneribus
528 584 695 669 acceptis,
725 584 818 649 nulia
841 580 1024 651 munitione
1045 596 1221 673 perrupta,
1282 662 1286 670 ,

135 685 211 745 cum
241 667 299 730 lux
322 665 517 752 adpeteret,
552 670 668 750 veriti,
697 692 738 736 ne
762 672 804 736 ab
828 672 937 738 latere
959 681 1076 759 aperto
1103 696 1142 739 ex
1164 695 1222 751 su-

133 751 327 840 perioribus
365 757 488 822 eastris
522 759 698 845 eruptione
733 758 1071 840 circumvenirentur,
1106 782 1143 826 se
1179 761 1220 831 ai

133 849 451 928 euos'reeeperuttt.
496 844 548 925 At
569 846 767 926 interiores,
796 843 876 912 dum
898 867 955 924 ea,
983 869 1069 934 quae
1091 869 1111 911 a
1132 847 1219 914 Ver·
1242 855 1262 914 8
1284 922 1288 931 ¹

133 928 340 1013 cingetorige
361 927 404 994 ad
425 931 637 1016 eruptionem
660 940 862 1022 praeparata
890 941 1001 1015 erant,
1032 934 1219 1020 proferunt,
1301 1005 1305 1009 ,

132 1016 264 1103 priores
281 1015 394 1082 fossae
413 1020 567 1107 expient,
590 1017 720 1086 diutine
742 1023 777 1089 in
795 1019 848 1087 his
865 1021 967 1087 rebus
981 1020 1219 1112 administren·
1240 1021 1262 1086 t

165 1206 332 1256 demonstret
357 1205 390 1270 5,
414 1205 432 1259 4
457 1207 552 1268 §.182
585 1211 708 1272 praeter
730 1209 827 1265 inuias
849 1221 938 1276 rupes
952 1211 1220 1264 -nie‘rumuiota

166 1276 254 1326 vento
271 1275 470 1340 ingredientes
486 1279 648 1346 ratiocinii
666 1281 769 1344 quippe
784 1281 867 1331 vetut
884 1282 914 1330 tn
929 1284 1031 1346 recreas
1042 1282 1132 1332 aelati
1145 1281 1218 1333 iore

165 1344 328 1394 rimantur.
361 1348 456 1408 Neque
473 1359 541 1399 vero
558 1348 689 1397 caesaris
708 1364 775 1399 usne
793 1350 942 1410 discrepat.
977 1351 1020 1401 ci.
1039 1353 1072 1414 6,
1088 1349 1123 1400 42
1141 1348 1168 1416 §.
1184 1355 1217 1402 a:

166 1415 292 1465 manime
312 1414 516 1466 admirantium
538 1417 691 1467 ridebatur
715 1419 791 1482 quod
806 1418 943 1470 Germani
966 1420 1004 1470 ati
1021 1422 1124 1470 castro
1141 1419 1217 1471 Ger-

163 1495 317 1549 manorum
340 1484 438 1535 delati·
452 1485 662 1549 optatissimum
681 1487 838 1551 Ambioripi
855 1486 1018 1552 beneficium
1039 1488 1215 1541 obtulerant.

163 1552 289 1602 Ceterum
307 1551 335 1603 in
353 1554 438 1617 Bong.
455 1556 490 1605 A.
508 1555 550 1608 rt.
567 1556 698 1616 scripturn
716 1560 761 1606 est
778 1558 883 1617 delati,
902 1559 972 1619 quoti
989 1557 1110 1610 adhibita
1127 1559 1219 1610 licen-

164 1622 202 1671 tia
221 1623 339 1671 Aldinae
359 1626 509 1685 scripturae
526 1624 700 1676 occasionem
720 1629 785 1677 dare
802 1627 901 1688 potuit.
1102 1648 1104 1652 ⁴

195 1705 242 1773 nc]
267 1706 336 1772 „Sic
361 1710 437 1758 MSS.
462 1708 628 1759 vetustiores
652 1711 689 1761 al.
715 1713 745 1763 et
765 1713 811 1760 voi
835 1706 928 1767 aot.“
958 1712 988 1762 et
1012 1710 1097 1773 Βοῦς.
1114 1713 1148 1761 A·
1171 1710 1214 1759 Pi.

162 1776 222 1825 edd.
240 1784 302 1825 aute
317 1777 386 1831 Ouo.
404 1777 529 1839 exceptis
540 1779 580 1828 St.
597 1779 679 1829 [iren.
696 1783 741 1846 et,
759 1781 829 1843 quae
846 1792 919 1846 om,
936 1781 997 1830 att.
1014 1779 1040 1830 b.
1059 1780 1112 1832 cut
1125 1781 1213 1830 liaeo.

159 1858 178 1895 a
194 1845 289 1894 tiemb.
309 1846 336 1894 ei
354 1856 373 1893 a
392 1858 427 1896 m.
447 1860 487 1907 pr.
506 1844 586 1895 Geth.
605 1850 637 1897 Α.

193 1931 220 1992 s.
241 1931 257 1978 2
276 1930 428 1989 adpeteret]
446 1931 530 1980 Voss.
549 1931 583 1978 A.
605 1933 681 1995 Egon
700 1933 798 1994 (licor.
817 1928 866 1994 Α.)
883 1930 946 1983 Par.
960 1934 993 1981 A.
1012 1935 1093 1985 Vrat.
1108 1935 1140 1984 Δ.
1159 1945 1213 1985 non

159 2013 224 2062 epp.
258 1999 431 2061 (appareret
455 1997 534 2048 carr.
560 1999 635 2048 Leia.
655 2000 709 2048 aa.
734 2001 804 2050 notk.
832 2000 915 2051 Dorv.
940 2008 995 2062 „et
1019 1999 1092 2052 aiii“
1124 2001 1211 2052 iiaen.

160 2069 206 2118 Dr.
226 2068 255 2119 ti.
281 2066 399 2116 vrato
422 2073 451 2114 et
473 2079 543 2123 em,
563 2069 586 2116 ε’.
606 2069 635 2122 li.
658 2069 736 2120 Goth.
753 2071 782 2122 ii.
807 2067 904 2123 flami.
923 2067 1004 2123 vini.
1019 2070 1049 2120 c.
1068 2071 1129 2122 edii.
1148 2073 1212 2120 ente

157 2137 235 2200 Lips.
256 2149 314 2185 exc.
334 2135 386 2185 ino.
406 2136 680 2194 sec..¹i1n.etst.).
1116 2129 1155 2158 s

191 2219 218 2279 S.
236 2225 252 2272 3
277 2225 313 2338 pt
330 2219 489 2280 interiores]
514 2232 566 2274 ont.
586 2222 668 2275 Victi.
684 2223 719 2275 A.
743 2233 779 2274 or
797 2219 817 2277 t.
836 2222 908 2274 nou.
925 2223 1010 2275 Voss.
1027 2221 1058 2272 a.
1082 2221 1161 2272 tiotit.
1176 2225 1210 2272 Δ.

155 2290 237 2340 Vind-
255 2290 301 2340 Ο.
980 2340 990 2348 s.

189 2369 207 2409 a
223 2356 465 2426 Vercingetorige]
484 2358 523 2412 aa
542 2357 785 2426 Vercinpeporem
801 2361 898 2411 nomn.

190 2436 356 2491 praeparata
382 2429 484 2489 erant]¹
508 2431 629 2492 sperata
660 2431 748 2480 eruut
778 2430 858 2480 Goth.
884 2431 918 2479 A.
951 2427 1210 2492 praeparabantur

153 2473 224 2548 tien.
243 2510 268 2544 e.
293 2499 550 2562 praeparaverant
575 2498 661 2562 Bong.
682 2498 715 2546 Α.
741 2498 820 2548 Leia.
845 2497 922 2549 ABG.
948 2494 1032 2548 Voss.
1055 2496 1110 2546 AG.
1133 2499 1209 2561 Egon.

154 2567 228 2616 Gott.
252 2567 319 2615 ιον.
345 2566 415 2616 Dok.
440 2568 524 2617 Dorv.
549 2564 634 2617 Genii.
653 2564 826 2618 Pamsienses
844 2559 901 2634 sec.
919 2565 1061 2616 Achaintr.
1086 2567 1149 2615 Par.
1172 2572 1207 2619 Α.

154 2638 227 2685 liar.
245 2637 279 2686 A.
304 2634 349 2683 Dr.
367 2631 400 2684 Α.
418 2636 498 2690 Vrat.
516 2631 596 2688 liic.
617 2635 698 2696 uoti.
718 2637 749 2688 Β.
770 2637 866 2687 iiamb.
888 2636 940 2686 tiu·
964 2634 1046 2687 vina.
1063 2633 1207 2686 arcum.

153 2707 231 2756 iiorn.
252 2716 278 2757 a.
296 2702 348 2754 inc.
366 2705 435 2754 Meti.
448 2717 474 2753 a.
522 2717 564 2754 en.
583 2705 641 2754 bed.
661 2706 720 2754 Ber.
756 2704 855 2755 Mirum
874 2705 901 2754 iti
919 2704 1108 2765 oudendorpio
1126 2706 1154 2753 et
1171 2717 1209 2755 an

155 2789 174 2824 a
195 2771 432 2840 Verrioqetoriye
447 2775 522 2822 notet
537 2785 557 2823 o
572 2774 660 2836 parte
677 2771 755 2836 eius,
774 2774 822 2824 uti
838 2774 863 2824 is
883 2775 967 2838 erat,
985 2775 1015 2823 nt
1032 2772 1060 2822 in
1080 2772 1208 2823 dictioni-

155 2844 206 2892 bns
224 2841 258 2892 oi
275 2842 414 2905 intristi,
434 2840 486 2905 18,
510 2841 544 2892 ai
560 2842 650 2892 ramis
668 2842 702 2900 7,
720 2843 773 2907 7³,
797 2858 816 2893 a
831 2845 921 2905 perta
937 2843 970 2904 2,
988 2839 1038 2905 zi,
1064 2854 1084 2890 a
1101 2843 1208 2906 populo

153 2913 192 2964 tt.
213 2914 247 2976 5,
264 2908 314 2973 54,
338 2909 525 2973 neutrisque
542 2911 658 2960 ducitur
676 2911 736 2959 atr.
754 2913 791 2960 29
815 2909 842 2970 S.
861 2911 893 2971 1,
918 2911 1025 2961 dubium
1042 2911 1088 2958 est
1105 2911 1206 2964 visum.

153 2983 207 3030 seri
227 2994 244 3031 a
261 2991 314 3043 qna
332 2981 411 3041 parte
429 2988 476 3029 ant
493 2981 521 3033 in
538 2992 590 3041 qno
606 2978 843 3044 iocointerioree
860 2978 963 3041 aliquid
982 2987 1204 3046 praeparassent,

153 3051 339 3101 demonstrare
355 3059 605 3111 supervacaneum,
624 3059 658 3098 ea
675 3058 758 3105 roro,
776 3059 846 3109 qnae
860 3048 1025 3097 hauddubie
1039 3047 1117 3116 iussn
1131 3049 1205 3100 ver.

152 3117 330 3182 cingetorigis
347 3120 423 3169 iacta
439 3125 550 3181 essent,
567 3116 602 3168 ot
618 3118 680 3169 eius
696 3117 784 3180 porte
802 3117 878 3168 tacta
894 3117 985 3167 dicere
999 3115 1117 3176 ineptum
1135 3122 1208 3175 etat„

150 3190 244 3251 Neque
268 3186 356 3238 lenius
381 3196 429 3240 aaa
451 3187 550 3238 meiius
576 3188 672 3238 mentia
697 3184 800 3250 corrigi
822 3196 905 3250 posse
927 3185 1051 3248 vitetur,
1077 3198 1156 3249 quan
1175 3186 1204 3257 ip

116 3373 142 3410 c.
166 3356 252 3417 81-8.
272 3355 290 3405 4
312 3365 340 3408 eu
363 3355 380 3409 5
404 3357 485 3409 dictis
510 3370 561 3407 neo
585 3367 638 3407 noo
682 3357 742 3406 irus.
778 3354 978 3422 Omnieenim,
997 3358 1068 3411 nte.
1088 3355 1204 3418 8⁰84

115 3430 170 3491 iis,
199 3438 270 3490 quae
293 3425 326 3491 5,
351 3423 386 3477 to
410 3429 435 3497 §.
462 3430 480 3476 ti
511 3428 640 3490 leguntur
681 3428 890 3478 demonstratum
912 3422 984 3488 cst,
1020 3425 1205 3487 strperioribus

116 3497 190 3558 (aiia
212 3496 338 3556 exempla
360 3495 472 3555 iesum)
503 3496 639 3562 convenit,
682 3495 750 3546 locis
768 3496 859 3556 posita
874 3504 970 3559 erant,
989 3497 1016 3542 et
1032 3506 1067 3543 ex
1083 3495 1206 3545 omnihus

114 3580 169 3620 uon
187 3564 270 3616 iaoiie
288 3572 342 3614 taur
360 3566 441 3628 longe
454 3563 527 3629 adigi
540 3568 568 3614 et
580 3563 640 3626 cip-
681 3563 718 3628 ii,
736 3565 782 3628 qui
800 3570 968 3625 campestres
982 3563 1143 3612 nutritiones
1156 3574 1205 3624 op·

115 3648 208 3700 porum
233 3634 317 3684 rantis
341 3639 479 3695 protectos
504 3635 641 3698 ettingete
684 3634 857 3699 pugnabant,
874 3632 910 3682 ab
929 3634 1017 3682 latere
1035 3641 1129 3693 aperto
1143 3632 1206 3682 sive
1275 3659 1277 3664 ,

107 3709 145 3756 et
165 3702 294 3753 traiicere
311 3707 453 3765 peierante
479 3716 564 3767 oeque
586 3711 640 3753 tarn
685 3704 789 3753 dextre
802 3704 862 3750 sive
879 3701 991 3752 sinistro
1011 3703 1073 3750 sive
1092 3710 1204 3763 tetroque

114 3772 211 3825 mirum
255 3783 348 3823 casum
391 3773 509 3835 scriptor
547 3773 636 3821 minus
680 3773 821 3831 eruptione
839 3773 963 3832 poterant
984 3769 1187 3822 circumveniri.

112 3831 244 3894 memoria
285 3841 393 3905 iignum
431 3841 636 3892 existimaturos
732 3840 795 3901 §.3
826 3839 931 3903 priores
957 3841 1052 3890 fossas
1081 3842 1203 3903 expient]

113 3912 229 3975 inisset,
246 3922 326 3973 quam
342 3913 434 3977 ilium,
451 3913 587 3974 dequeo.
602 3908 637 3959 25
679 3911 799 3962 Priores
827 3908 1021 3959 nominativum
1049 3921 1114 3959 esse
1144 3909 1204 3971 pri-

114 3984 201 4034 mulia
218 3983 304 4032 verha
323 3980 399 4031 fecit.
680 3993 757 4043 mus,
799 3978 868 4041 quot
903 3977 1005 4040 seiam,
1046 3978 1137 4027 docuit
1170 3979 1213 4030 [ι.

166 4052 194 4121 §.
212 4053 229 4100 2
252 4063 288 4100 ex
312 4048 498 4112 superioribus
521 4045 636 4106 eastris]
680 4048 827 4109 leumiim,
846 4047 932 4099 editor
945 4047 1158 4109 litiinburgensis
1176 4060 1201 4098 a.

77 4172 79 4176 ,
112 4132 168 4173 uon
187 4119 249 4170 unis
262 4120 386 4171 etcertis
400 4118 569 4183 quibusdam,
587 4117 639 4167 etti
681 4116 766 4184 18⁴7,
790 4113 868 4168 cuius
892 4118 1090 4171 adnotationem
1114 4119 1203 4177 ripen·
1237 4128 1244 4139 ‘

110 4187 251 4256 aliquibus
270 4191 318 4244 vei
337 4190 461 4258 pluriam
480 4189 526 4238 rei
548 4185 637 4240 enoi-
679 4199 760 4241 cerus
779 4189 850 4258 tenc
868 4188 968 4242 reteri:
990 4186 1202 4252 roonioative,

1199 4272 1204 4296 t
