2700 4726
179 236 248 377 bbi
321 304 360 357 -'
437 301 509 370 DE
541 296 723 368 BELLO
754 293 1008 365 cnunlco

1298 410 1332 477 Q

143 489 428 577 2transporteti,
463 495 498 553 et
533 487 680 553 hostium
717 486 806 551 acies
838 484 1049 551 cernebatur.
1098 479 1269 548 Labienus

186 582 313 646 milites
336 575 545 655 cohortatus,
564 583 603 639 ut
627 596 714 641 suae
737 572 902 661 pristinae
927 573 1066 637 vinctis
1089 576 1124 634 et
1145 576 1199 633 tot
1220 587 1272 631 se-

186 662 468 736 cundissimorum
499 662 705 749 proeliorum
744 661 929 726 retinerent
952 658 1144 723 memoriam
1173 664 1273 740 atque

103 827 106 834 ,
185 755 299 844 ipsum
315 749 507 830 Gaesarem,
532 751 628 816 cuius
650 749 753 814 ductu
776 767 1017 835 saepenumero
1039 746 1154 812 bostes
1173 763 1275 829 sups-

183 848 343 923 'ressent,
384 843 595 922 praesentem
625 837 745 915 adesse
776 835 1026 915 existimarent,
1063 831 1123 896 dat
1142 831 1275 916 signum

145 934 167 996 8
190 926 325 1022 proeliis
368 923 485 992 Primo
507 946 673 993 concursu
696 922 738 989 ab
760 923 879 993 dextro
898 943 1021 1002 cornu,
1049 919 1108 1012 ubi
1130 919 1276 1007 septima

254 1117 322 1181 (lep.
340 1118 384 1168 62.
407 1115 472 1177 §.2
498 1115 551 1173 tot]
581 1114 624 1164 Ite
651 1107 791 1164 endor.
809 1111 858 1167 (iu.
880 1115 908 1165 S.
927 1114 984 1162 Pet.
1004 1111 1081 1163 Leid.
1101 1104 1133 1162 Α.
1152 1111 1224 1161 llas.
1242 1111 1276 1163 A.
1313 1138 1320 1161 l

220 1187 304 1254 vind.
323 1188 358 1235 A.
375 1187 412 1250 et,
429 1185 454 1235 sl
472 1183 614 1235 l’luscnlni
633 1183 741 1234 silentio
759 1182 863 1246 aliquid
879 1182 1049 1240 tribuendum
1068 1183 1120 1245 est,
1138 1183 1224 1243 Bong.
1243 1184 1277 1231 Α.

223 1269 284 1308 cum
301 1254 363 1304 Ald.
384 1258 413 1305 et
430 1267 490 1316 sqq.
527 1252 649 1314 Reliquis
667 1251 807 1302 codicibus
825 1252 1008 1315 Oudendorpii
1024 1255 1052 1301 et
1073 1250 1225 1302 Parisiensi
1242 1248 1277 1300 Ἀ.

221 1329 250 1376 et
262 1321 413 1388 qulndecim
427 1323 497 1373 mels
511 1323 539 1372 et
555 1321 635 1372 editis
648 1324 712 1372 aute
728 1322 827 1371 Aldum
839 1323 916 1372 deest
929 1319 1154 1383 perincommode.
1187 1320 1276 1377 Quam

222 1393 293 1445 euim
312 1392 369 1442 vim
386 1390 486 1444 babere
502 1392 609 1453 poterat
626 1389 884 1441 secundissimorum
901 1391 1066 1454 proeliorum
1085 1389 1231 1451 memorie,
1253 1389 1279 1437 si

189 1462 331 1535 'totidem
348 1464 395 1511 vel
414 1463 495 1525 plura
512 1459 599 1510 miuus
617 1461 738 1509 secunda
756 1462 900 1528 fecerant,
916 1461 987 1523 quod
1006 1461 1128 1510 detracto
1145 1459 1278 1507 adverbio

222 1530 346 1585 conticeri
365 1531 474 1582 videtur
491 1522 604 1580 oratori

189 1640 194 1651 .
257 1597 527 1656 secundissimorum]
557 1597 690 1648 secundis
708 1596 858 1648 suricorum
875 1595 956 1647 Viud.
974 1592 1008 1645 Α.
1028 1592 1134 1646 seculis
1152 1606 1278 1645 summo·

221 1679 290 1719 suan
318 1669 376 1718 Pet.
403 1681 459 1718 sec.
485 1667 567 1718 li'abr.
585 1669 614 1716 et
631 1667 700 1718 ond.
719 1665 826 1718 recidis
841 1665 1115 1718 secundissimorum
1133 1662 1203 1714 idem
1222 1677 1280 1714 sec.

221 1737 307 1788 conll.
342 1733 387 1785 Gi.
405 1738 468 1788 edu.
487 1748 526 1786 cr.
544 1738 579 1785 sd
597 1734 702 1794 css.
719 1739 745 1786 2.
1041 1772 1044 1781 .
1295 1762 1299 1773 ·

255 1805 407 1858 retinerent
429 1803 597 1872 memoriam]
629 1805 766 1855 tenerent
786 1813 824 1852 m.
849 1802 929 1853 Vrec.
949 1801 980 1854 c.
1007 1802 1087 1853 Gctb.
1104 1804 1135 1852 ll.
1154 1800 1237 1852 vind.
1256 1802 1279 1852 1.

222 1874 282 1925 edd.
307 1882 371 1923 ente
399 1874 468 1923 vm.
491 1875 512 1922 l.
536 1886 574 1924 m.
597 1875 734 1925 tenerent
756 1871 841 1922 Vind-
859 1872 893 1924 D.
918 1868 981 1922 Ald.
1001 1874 1044 1923 ab.
1063 1872 1112 1920 Gr.
1129 1873 1173 1926 ab.
1191 1872 1278 1921 Vesc.

221 1942 253 1992 P.
270 1945 344 1993 Men.
363 1943 575 2002 (bruillart.
595 1943 672 2002 Lips.
691 1942 734 1992 lu.
752 1938 800 1990 Gr.
818 1941 889 1991 Dav.
904 1937 945 1990 cl.
965 1954 1003 1994 sn.
1022 1940 1189 1992 retinerent
1207 1940 1275 1990 oud.

223 2009 270 2072 qul
293 2012 336 2060 sic
354 2012 400 2060 vel
419 2012 531 2062 inverso
551 2011 645 2062 ordine
663 2008 794 2070 scriptum
812 2021 875 2058 esse
893 2009 960 2059 dicit
975 2009 1004 2060 iu
1021 2010 1079 2059 cod.
1098 2009 1165 2059 Vre.
1184 2010 1277 2058 lirant.

212 2080 307 2143 ¹llong.
322 2083 355 2130 A.
374 2080 458 2130 Voss.
466 2078 543 2131 ABG.
565 2081 641 2131 Leld.
651 2076 729 2131 Allc.
749 2074 817 2129 And.
833 2077 885 2129 ox.
899 2079 927 2127 S.
943 2079 1014 2130 [ιον.
1029 2081 1104 2142 Egm.
1114 2079 1185 2128 Dok.
1206 2078 1279 2128 Gott.

221 2148 276 2198 luc.
294 2150 440 2200 Iuvermm
456 2150 577 2202 ordinem
592 2150 722 2209 praebent
742 2149 834 2198 Brenn
848 2148 932 2197 Voss.
941 2143 974 2196 Α.
991 2147 1065 2210 ilgm.
1079 2149 1151 2198 Gott
1164 2148 1234 2196 Lov.
1249 2155 1278 2195 eo

221 2217 282 2268 Pet.
305 2231 362 2272 sec.
377 2218 464 2270 Febr.
482 2219 547 2269 item
564 2220 647 2284 Boug.
658 2220 690 2269 Α.
708 2216 751 2268 l‘l.
770 2216 834 2268 l’er.
848 2217 881 2265 Δ.
899 2215 1014 2267 Duell.
1028 2217 1172 2268 vrateli.
1191 2215 1275 2267 Goth.

187 2371 305 2435 sissent,
323 2374 373 2424 sed
390 2387 453 2426 eum
472 2375 572 2435 locum,
590 2385 644 2438 quo
661 2383 715 2437 ap·
757 2374 821 2424 dum
851 2373 970 2422 noudum
1001 2371 1281 2436 supranominatum

187 2443 342 2504 pulissent,
375 2449 468 2504 petere
489 2445 538 2493 vel
561 2457 595 2494 eo
612 2455 715 2505 prope·
756 2441 830 2493 mlttl
851 2454 870 2492 a
891 2442 1029 2502 scriptore
1054 2443 1142 2505 potuit
1149 2456 1158 2506 3
1189 2442 1282 2504 quisi

186 2521 254 2560 rere
267 2511 427 2562 iussissent.
450 2514 527 2571 Quod
539 2515 631 2561 autem
643 2521 715 2575 par·
757 2523 783 2562 o.
801 2509 836 2562 58
854 2511 884 2563 et
899 2511 935 2561 60
949 2513 979 2560 in
996 2512 1209 2576 Mellodunum,
1239 2513 1283 2562 liic

187 2591 256 2630 eum
272 2590 383 2630 manum
400 2580 512 2632 misisse
529 2580 632 2631 ineam
645 2591 714 2642 par·
757 2583 850 2630 eutem
882 2580 912 2629 in
944 2581 1136 2632 Metiosedum
1170 2581 1282 2632 codices

187 2649 262 2710 tem,
284 2648 313 2696 iu
332 2661 385 2710 qua
401 2662 537 2716 mannum
553 2649 596 2700 ire
614 2661 715 2714 agmen
756 2648 955 2717 consentirent,
973 2652 1025 2701 boc
1041 2650 1225 2701 Metiosedum
1238 2651 1283 2701 lu·

186 2716 343 2767 nuntiatum
363 2723 456 2784 esset,
473 2723 502 2768 et
519 2721 590 2782 quod
608 2721 715 2770 eontra
757 2719 847 2769 dicari
871 2720 984 2770 deberet
1004 2719 1078 2769 iuter
1096 2721 1236 2770 Lutetiam
1255 2723 1284 2770 et

188 2785 343 2837 Labienum
353 2788 476 2851 reliquas
491 2789 585 2850 copies
599 2788 714 2838 duxisse
755 2789 942 2856 Mellodunum
971 2799 991 2838 a
1021 2789 1128 2840 lectore
1153 2790 1284 2852 quemvis

187 2855 336 2917 dicontur,
366 2859 463 2907 eodem
487 2859 617 2919 pertinet.
652 2857 713 2906 Non
755 2870 811 2909 non
836 2858 939 2909 monito
962 2857 1127 2909 collocatum
1151 2859 1189 2910 irl
1215 2872 1282 2921 spe-

187 2924 260 2976 eulm
278 2925 348 2975 odeo
367 2939 416 2977 eos
433 2927 550 2977 Labieni
566 2926 714 2976 consilium
755 2939 852 2992 rasse,
881 2927 937 2977 etsi
965 2928 1072 2978 rectius
1102 2930 1175 2979 haud
1203 2929 1284 2980 dubie

187 2990 347 3058 ielellerat,
374 2999 406 3045 ut
427 2996 509 3046 etiam
526 2998 582 3045 tum
599 2995 713 3060 ignora·
754 2996 881 3046 tacturus
898 2996 1015 3058 fuisset,
1032 2999 1057 3047 sl
1075 2997 1109 3046 de
1127 2997 1283 3049 Metiosedo

187 3064 253 3114 rent
270 3075 369 3126 agmen
388 3065 458 3114 illud
478 3077 606 3126 manuum
622 3065 714 3115 mexi—
754 3065 890 3116 tacuisset
901 3068 931 3116 et
940 3066 1077 3117 tenuisset
1084 3069 1282 3135 Mellodunum,

187 3142 260 3185 mam
289 3136 397 3195 partem
421 3133 623 3196 impedimentis
646 3146 714 3184 con·
755 3135 835 3185 cuius
861 3134 944 3185 situm
971 3136 1027 3186 lam
1052 3137 1283 3204 demonstrasset,

187 3204 282 3266 stare,
307 3202 459 3253 Labienum
477 3215 537 3254 cum
559 3203 714 3268 legionibus
757 3204 884 3267 quodque
912 3204 1009 3254 eadem
1034 3207 1064 3255 lu
1090 3208 1169 3268 perte
1196 3219 1284 3269 supra
1338 3203 1339 3206 ’

186 3269 265 3320 inire
293 3271 433 3322 Lutetiam
463 3274 562 3323 dumea
594 3271 713 3323 navibus
757 3272 894 3324 Lutetiam
929 3273 1049 3336 positum
1078 3275 1283 3338 *dubitationem

99 3338 101 3342 ‘
188 3337 313 3390 transire
349 3342 484 3403 coepisse.
538 3342 605 3392 Nam
642 3340 714 3404 quod
757 3343 792 3392 de
809 3341 936 3406 regione,
953 3355 1007 3406 que
1021 3345 1183 3395 manusille
1196 3346 1283 3396 misse

188 3409 373 3476 Reicnerdus,
390 3413 423 3461 de
436 3422 490 3473 quo
503 3412 539 3460 ad
553 3424 576 3460 c.
591 3409 626 3462 57
639 3411 713 3460 extr·
757 3414 849 3475 esset,
874 3411 977 3462 nubam
1001 3414 1171 3475 reliquisset.
1208 3417 1283 3474 ouo-

188 3478 291 3528 dictum
315 3483 377 3542 est,
408 3482 454 3543 qni
478 3493 567 3531 nuces
592 3482 713 3544 easdem,
756 3481 831 3532 niam
850 3490 918 3530 vero
936 3494 987 3542 per
1005 3484 1132 3549 codices,
1151 3486 1183 3533 ut
1203 3486 1240 3536 ad
1259 3498 1283 3535 c.

140 3577 141 3580 =
189 3547 416 3610 praecellentes,
430 3550 711 3612 interpretaioneon-
756 3551 792 3602 58
807 3549 903 3614 docui,
920 3550 1004 3616 licet,
1023 3555 1074 3602 boc
1091 3554 1191 3617 ipsum,
1210 3555 1283 3616 quod

187 3617 240 3666 tra
274 3616 429 3668 Labienum
463 3619 560 3680 copias
597 3619 711 3668 duxisse
756 3619 863 3670 rectius
892 3623 972 3684 erat,
1003 3621 1108 3672 iecisse
1131 3631 1159 3672 et
1182 3625 1282 3685 ubique

185 3684 285 3734 callos
305 3685 409 3736 iroulce
427 3687 481 3738 dici
502 3686 616 3749 statuit,
649 3699 711 3736 cum
753 3701 834 3739 unum
853 3691 936 3752 etque
953 3691 1024 3740 idem
1044 3691 1171 3753 oppidum
1192 3693 1281 3757 signi-

184 3765 219 3803 re
245 3765 314 3805 vera
336 3756 455 3809 adverso
479 3756 589 3805 flumine
613 3758 712 3806 contre
752 3758 854 3811 ficasee
871 3760 1024 3810 credendus
1042 3762 1095 3812 est.
1207 3796 1213 3807 .

158 3847 163 3859 1
184 3833 313 3880 mmnum
327 3825 434 3876 scilicet
446 3837 544 3889 nmen
556 3825 711 3890 duxissent,
806 3826 848 3879 (la
867 3863 874 3878 .
890 3831 934 3878 62.
948 3828 1003 3888 §.2
1023 3829 1113 3893 lpsum
1130 3827 1283 3882 caesarem

183 3891 214 3942 dd
234 3892 336 3942 bomini
353 3907 408 3944 nou
428 3895 522 3957 inepto
540 3897 569 3943 et
588 3895 631 3960 ei,
663 3893 711 3956 qui
753 3895 821 3964 etc]
839 3841 883 3948 gf.
901 3901 928 3963 6,
945 3896 964 3947 8
981 3897 1009 3959 S.
1028 3899 1054 3950 4.
1144 3906 1151 3915 ’

186 3958 295 4011 initium
336 3964 435 4025 capitis
469 3964 611 4025 sequentis
645 3967 711 4015 erite
805 3968 831 4028 s.
850 3972 867 4018 3
884 3967 975 4017 Primo
992 3971 1142 4030 concursu]
1161 3968 1204 4022 ct.
1217 3973 1279 4023 adu.

186 4030 283 4080 oeulos
297 4031 419 4097 baberet,
434 4032 712 4085 iumentemvenisee
755 4037 790 4089 sd
810 4041 835 4100 1,
856 4039 889 4085 2²
908 4035 934 4094 S.
955 4041 979 4086 t.
1213 4041 1218 4065 ‘

137 4131 140 4142 ·
188 4098 287 4151 rubum
313 4104 365 4150 est.
416 4104 472 4151 lam
498 4116 567 4154 vero
592 4106 712 4155 adverso
809 4109 844 4156 ab
869 4108 968 4156 dextro
995 4110 1095 4167 cornu]
1127 4107 1282 4160 Coniuncta

188 4170 272 4222 etiem
284 4169 392 4222 numine
407 4183 505 4222 manus
519 4185 619 4224 versus
633 4177 713 4241 oppl-
757 4178 844 4227 verba
868 4177 914 4227 ubi
937 4177 1059 4241 septima
1080 4179 1154 4244 lepis
1172 4180 1282 4249 cousti-
