2700 4726
375 247 379 257 '
429 252 877 354 6161116666
1129 282 1196 353 rm
1245 350 1258 377 ‚

112 461 256 554 coguitis
272 460 401 532 Caesar
425 485 554 530 summo
576 463 691 530 studio
717 463 862 531 militum
887 471 963 531 ante
984 472 1094 531 ortum
1112 468 1196 534 solie

112 559 148 625 in
170 560 284 619 castra
306 554 470 635 pervenit.

196 641 253 706 42.
298 637 389 702 Dum
425 639 505 702 haee
538 637 580 702 ad
612 636 812 722 Gergoviam
846 646 1025 723 geruntur,
1062 637 1197 706 Haedui

110 727 231 817 primis
261 728 388 791 nuntiis
415 727 456 789 ab
479 725 634 790 Litavioo
659 728 808 816 acceptis
831 728 959 791 nullum
986 726 1196 796 611116666-

110 814 338 903 gnosceudum
361 814 510 902 spatium
529 813 736 900 relinquunt.
778 813 919 901 Inpellit
938 815 1023 880 alios
1043 816 1197 898 avaritia,
1218 819 1239 880 2

148 975 208 1026 tivo
224 973 401 1025 constructae
419 970 523 1036 attulit,
541 968 597 1032 Qni
612 982 676 1021 cese
690 981 799 1035 parere
817 975 960 1036 apparent
978 962 1062 1022 inias
1079 974 1198 1040 lepidus,

147 1046 178 1097 16
201 1040 307 1095 reetiiis
332 1041 374 1092 sio
397 1041 498 1090 dictum
522 1040 675 1102 accipitur,
706 1039 790 1094 utils.
812 1043 843 1106 1,
863 1045 879 1091 3
897 1054 925 1093 v.
944 1045 975 1090 31
1001 1043 1065 1092 Velt
1083 1048 1198 1107 plaeere

148 1127 213 1165 rese
229 1114 348 1164 amicae.
382 1109 487 1160 Deinde
504 1120 560 1159 una
578 1108 726 1170 eademque
745 1111 915 1171 praepositio
936 1123 992 1160 non
1010 1125 1093 1162 unum
1111 1115 1199 1164 idem·

148 1196 202 1246 que
225 1183 255 1232 in
279 1181 372 1242 priore
392 1180 475 1241 atque
491 1177 522 1228 ln
537 1178 693 1242 posteriore
710 1178 818 1229 nomine
834 1179 994 1243 significuus
1012 1183 1063 1238 (ci.
1081 1184 1143 1233 adn.
1161 1185 1198 1233 ad

148 1266 175 1301 e.
207 1254 242 1302 23
273 1249 300 1311 S.
326 1248 358 1311 5)
385 1262 446 1300 oum
472 1248 537 1298 alibi
569 1254 652 1310 saepe
681 1250 775 1298 eadem
798 1248 1051 1311 significansidem
1077 1252 1119 1302 bis
1145 1266 1197 1314 po-

148 1323 206 1371 sita
224 1319 390 1382 reperiatur.
424 1316 548 1380 Denique
573 1318 662 1380 ipsum
680 1316 712 1367 in
728 1319 765 1367 ad
783 1320 921 1380 posterius
938 1330 1038 1369 nomeu
1056 1333 1089 1372 ea
1107 1321 1197 1386 signi-

148 1390 280 1440 ficatione
303 1387 496 1448 referendum,
531 1397 584 1449 qua
608 1386 701 1436 verbis
726 1388 844 1447 parendi
867 1388 975 1436 adstrui
1002 1390 1090 1439 minus
1114 1395 1198 1444 solet.

150 1459 193 1511 cl.
215 1472 240 1509 e.
259 1459 296 1510 79
311 1457 338 1519 s.
355 1454 389 1506 4:
406 1469 492 1520 seque
511 1455 549 1504 ud
565 1455 746 1516 eruptionem
762 1457 849 1518 atque
870 1470 966 1507 oriones
982 1470 1065 1508 eosne
1082 1471 1198 1524 compn-

149 1531 229 1580 6661.
273 1527 335 1578 Air.
360 1522 412 1589 14,
439 1528 469 1575 1:
499 1525 642 1590 simulque
664 1525 702 1575 od
725 1525 961 1576 circumeundum
977 1539 1149 1592 enumcrare
1167 1542 1199 1582 ee
1291 1556 1304 1574 υ

150 1597 318 1661 coeperant.
352 1597 433 1645 Alex.
453 1595 503 1658 13,
529 1591 562 1643 l:
588 1606 675 1658 oeque
692 1593 729 1644 nd
745 1595 951 1660 conflipemlnm
970 1600 1096 1649 onlnions
1113 1600 1199 1651 reduc

149 1665 344 1733 paraverunt.
379 1665 417 1717 ib.
443 1661 526 1726 S.'5:
552 1675 583 1713 se
601 1664 640 1713 ool
656 1662 848 1721 dimicandum
863 1665 994 1728 parabat.
1030 1670 1107 1718 Adde
1124 1671 1200 1720 inira
1274 1726 1277 1733 ,

150 1736 202 1801 65,
229 1737 260 1784 1:
292 1734 330 1785 od
355 1732 406 1784 166
431 1745 527 1782 ornnes
551 1744 635 1782 carne
651 1732 770 1795 proviso
787 1735 875 1784 erant
891 1736 1038 1798 praesidia
1055 1741 1108 1788 ete.
1142 1738 1200 1791 Iam
1264 1793 1269 1801 ,

150 1809 248 1856 liaruns
275 1815 369 1853 rerum
392 1803 509 1853 omnium
537 1802 615 1850 nulla
640 1804 684 1851 est
708 1813 780 1864 una,
812 1815 882 1869 quae
901 1817 957 1854 non
976 1809 1109 1868 exemplis
1127 1809 1201 1859 tueri

151 1889 216 1928 sese
233 1873 331 1935 possit.
366 1871 435 1922 Nam
454 1873 482 1920 et
499 1870 585 1933 illud,
612 1871 684 1933 quod
697 1868 731 1933 4,
752 1870 786 1920 10
804 1871 830 1931 S.
850 1874 866 1919 2
884 1873 1018 1939 legimns,
1035 1879 1069 1926 in
1086 1891 1148 1928 enm
1164 1891 1202 1930 se

153 1941 386 1995 consuetudinem
408 1940 677 2006 adducerent,
709 1938 800 1988 minus
824 1941 955 1991 usitatum
980 1956 1044 1993 esse
1060 1946 1202 1997 fatendum

153 2015 223 2077 luit,
255 2014 338 2062 etin
356 2009 452 2060 verbis
473 2006 534 2057 Civ.
551 2012 584 2071 2,
617 2005 655 2057 43
677 2006 703 2068 S.
723 2012 740 2057 3
756 2008 842 2070 penei
857 2010 1001 2060 lenunculi
1019 2013 1057 2063 nd
1074 2017 1202 2081 officinm
1232 2032 1237 2042 ⁸

154 2081 362 2146 imperiumque
386 2077 592 2129 conveniebant
617 2089 672 2126 non
698 2077 781 2141 plane
805 2077 877 2127 idem
898 2080 1037 2142 significat
1056 2087 1152 2134 eadem
1172 2087 1202 2136 in

155 2154 248 2216 priore
266 2155 349 2213 alque
367 2150 396 2198 in
414 2147 570 2210 posteriore
589 2146 698 2196 nomine
714 2147 896 2212 praepositio,
915 2152 943 2197 et
956 2154 1095 2211 puratum
1109 2155 1139 2203 in
1154 2167 1202 2205 rec

154 2233 245 2274 noces
264 2221 375 2268 tacitns
397 2212 519 2274 111614,
538 2219 588 2274 32,
612 2214 644 2264 in
661 2216 818 2279 utrumqne
833 2219 1114 2283 parataevirgilius
1133 2227 1202 2272 Aen.

153 2296 180 2357 2,
197 2293 243 2354 61,
260 2291 375 2349 uterque
391 2288 425 2336 ab
437 2285 545 2335 llandio
559 2286 638 2334 Tura.
654 2286 679 2347 3,
698 2285 750 2333 310
767 2286 880 2351 6116166,
898 2290 926 2337 61
945 2300 1017 2351 qnae
1036 2291 1067 2340 in
1079 2294 1204 2343 Sestium
1223 2350 1225 2355 A

154 2359 374 2424 apparabantur
391 2356 515 2406 crimino
533 2353 630 2404 Cicero
648 2353 684 2412 Q..
698 2353 746 2402 Fr.
767 2356 793 2414 2,
814 2358 831 2403 3
850 2351 877 2420 §.
893 2359 910 2405 6
928 2357 1006 2409 dixit.
1041 2362 1094 2409 Sed
1111 2364 1205 2413 tamen

155 2429 362 2483 coniunctarum
380 2426 426 2473 vis
445 2436 479 2473 ea
498 2427 556 2487 est,
584 2425 616 2471 nt
632 2421 783 2471 Gaesarem
800 2420 841 2472 ita
862 2423 993 2486 scriptum
1015 2431 1063 2479 lroc
1084 2431 1205 2481 edidisse

95 2494 99 2501 ’
154 2512 210 2549 non
227 2498 346 2546 credam.
371 2495 467 2544 Potius
484 2492 522 2544 nd
541 2492 775 2554 praepositionem
792 2494 896 2542 temere
914 2500 978 2555 post
996 2504 1206 2550 6666616666-

155 2571 239 2620 latam
260 2579 322 2614 cum
341 2567 427 2614 verno
444 2573 556 2626 parcre
574 2561 724 2625 coaluisse,
745 2563 800 2612 tum
820 2573 874 2626 qne
891 2559 1052 2623 necessarii
1070 2570 1105 2618 ad
1124 2571 1208 2620 simi·
1245 2596 1254 2609 ι

156 2641 212 2690 lem
230 2637 367 2684 adiectum
382 2629 555 2682 crediderim.
595 2629 662 2702 4161
677 2640 747 2678 vero
763 2632 940 2698 scripturam,
957 2635 1018 2685 sive
1031 2650 1065 2688 ea
1078 2652 1128 2700 per
1141 2653 1208 2691 eon·

157 2709 292 2759 lecturam
309 2705 431 2767 inventa,
451 2702 512 2751 sive
529 2712 565 2749 ex
581 2697 743 2762 incorrupto
759 2700 836 2750 tonte
851 2703 953 2753 hausta
969 2706 1016 2773 sit,
1034 2721 1131 2760 verani
1144 2723 1208 2760 esse

158 2777 259 2827 iudico.

192 2843 220 2905 s.
238 2841 254 2895 5
280 2838 332 2906 lis]
360 2839 441 2901 liong.
460 2838 553 2888 n.1³l.
572 2839 634 2888 Par.
654 2838 688 2886 Δ.
706 2837 788 2888 vrat.
806 2835 838 2889 Α.
858 2839 888 2892 Ρ.
905 2843 978 2891 11166.
1001 2845 1059 2894 illd.
1081 2846 1107 2893 b·
1129 2847 1209 2907 nlps.

159 2909 201 2968 lu.
220 2914 269 2963 Gr.
286 2911 357 2960 Dav.
377 2907 418 2958 01.
434 2908 490 2957 niis
506 2908 586 2958 Vrat.
600 2904 653 2957 Bc.
669 2906 765 2957 116161).
784 2907 963 2959 1161161111.
985 2912 1062 2962 Goth.
1076 2915 1107 2966 ll.
1126 2916 1210 2965 Vind.

160 2985 194 3033 A.
215 2982 276 3031 666.
303 2981 366 3029 ante
392 2978 422 3026 P.
448 2980 522 3028 Man.
547 2978 625 3026 Tum.
661 2976 692 3026 ld
716 2975 800 3025 tacite
823 2980 943 3028 restituit
961 2981 1030 3032 oud.
1066 2983 1109 3032 ci.
1128 2987 1155 3049 1,
1175 2985 1211 3035 30

160 3053 188 3112 s.
206 3050 224 3101 4
243 3050 289 3100 lile
307 3061 342 3098 re
356 3047 508 3110 perrnicen.
525 3046 561 3097 io.
582 3045 628 3110 31,
646 3049 663 3096 2
681 3044 728 3095 En
747 3044 965 3110 reimpetrata.
985 3053 1012 3116 2,
1031 3050 1062 3103 11
1081 3049 1108 3118 §.
1128 3056 1142 3103 1
1164 3054 1211 3104 Eo
1307 3063 1309 3071 ¹

160 3135 196 3174 re
214 3119 384 3170 constituto.
407 3116 433 3174 8.
453 3113 489 3166 46
507 3118 532 3179 s.
556 3117 570 3164 1
591 3115 639 3165 116
654 3125 689 3164 re
707 3114 831 3178 copnitc.
1082 3141 1083 3145 =

195 3191 260 3252 Cap.
278 3185 321 3238 42.
349 3188 407 3256 §.1
433 3188 481 3246 ab]
512 3186 615 3247 „iisd
640 3195 693 3233 non
716 3180 771 3233 o.“
797 3184 872 3235 Gon.
894 3187 977 3238 Voss.
998 3190 1032 3237 A·
1048 3190 1124 3251 ligm.
1141 3189 1212 3241 nov.

162 3262 222 3310 Pet.
247 3265 276 3307 et
298 3258 380 3318 Bong.
400 3253 430 3306 C.
457 3255 542 3306 cond.
562 3266 623 3305 cum
646 3261 723 3315 parte
742 3265 861 3304 meorum
880 3255 1001 3306 meliore.
1028 3271 1047 3308 a
1066 3256 1155 3321 Bong.
1176 3259 1212 3308 A.

161 3331 202 3380 Pl.
222 3329 270 3377 Dr.
285 3327 314 3374 11.
334 3325 414 3375 Vrat.
428 3324 457 3374 C.
478 3323 759 3375 116116116616666.
780 3325 844 3372 ante
864 3323 932 3374 ond.

196 3400 223 3460 s.
241 3402 258 3447 2
277 3395 397 3458 inpellit]
416 3395 492 3456 ligur.
507 3394 588 3449 Vrat.
606 3393 641 3445 A.
658 3392 759 3456 (Bong.
776 3388 824 3452 Α.)
842 3392 905 3443 Par.
923 3394 957 3441 A.
972 3405 1025 3444 non
1041 3394 1108 3458 imp.

183 3551 250 3613 cap.
267 3549 310 3601 42.
331 3552 357 3612 s.
375 3552 391 3597 2
416 3548 539 3614 inpellit]
557 3561 598 3598 sc.
615 3547 651 3598 ad
694 3545 772 3610 (itit,
798 3548 885 3602 solen
902 3546 939 3602 lie
957 3547 1092 3616 61661661
1110 3551 1160 3603 ont
1178 3549 1215 3606 116

127 3621 280 3674 iaciendum
314 3621 384 3682 quod
420 3619 447 3667 in
476 3616 651 3680 sequentibus
693 3614 768 3680 616166
792 3617 891 3670 1161166
916 3617 1067 3686 angellione
1092 3619 1216 3685 ieidptiin:

129 3691 234 3742 iecisse
267 3688 408 3739 dicuntur:
442 3686 514 3737 iona
547 3687 651 3738 civium
695 3684 784 3752 nipieit
808 3699 856 3750 on,
887 3685 1022 3750 6111116161
1045 3688 1217 3755 (inciditis
1255 3726 1260 3732 .

90 3761 96 3774 ‘
127 3763 329 3814 Romanorum
355 3756 502 3820 diripiunt.
521 3765 572 3806 etc.
609 3754 653 3805 cf.
696 3754 816 3820 nimbose
842 3755 1003 3824 1666616166
1021 3771 1051 3826 po
1069 3759 1160 3826 tollen.
1190 3765 1218 3808 eo

129 3831 193 3882 civ.
208 3829 235 3893 1,
252 3825 271 3878 4
288 3827 313 3887 S.
327 3829 359 3877 2:
376 3826 537 3888 Scipionem
555 3825 654 3876 eodem
695 3824 795 3875 Andre
822 3826 909 3874 treiot
933 3826 987 3875 der
1010 3826 1095 3889 (leiz,
1125 3826 1219 3878 andro
1297 3843 1300 3851 ·

130 3896 654 3964 epesprneineioeutpoeeeercitnnm
697 3894 751 3944 der
770 3892 905 3943 Jdnzorn
929 3896 989 3945 und
1013 3896 1059 3947 die
1077 3897 1219 3960 11616666,-

130 3967 261 4031 impellit.
304 3969 377 4016 lllale
410 3966 510 4015 Franc.
544 3966 572 4012 et
603 3965 653 4014 Ad.
696 3963 829 4025 6661611,
846 3962 954 4014 metelle
970 3965 1141 4030 norndpliei
1157 3965 1221 4016 die-

130 4037 270 4102 Wagneri
294 4038 347 4085 hue
374 4036 497 4085 referunt
524 4031 592 4083 illud
621 4035 661 4083 nt·
697 4031 953 4084 serrroesclleclte
972 4035 1220 4099 superemmens,
1265 4058 1272 4065 ·
1318 4089 1324 4093 ,

131 4110 224 4160 terem
247 4104 423 4157 auditionem
450 4102 572 4154 labeant
599 4115 655 4167 pro
698 4102 746 4153 ein
772 4101 891 4153 16161166
917 4101 1048 4155 (16611611
1072 4106 1127 4170 teir
1150 4117 1220 4155 ano-

130 4190 166 4247 re
190 4177 406 4244 6611666166-
430 4173 492 4230 16161
516 4171 592 4240 einim
614 4175 656 4228 let
698 4170 845 4238 pemoelne
863 4172 956 4227 scete
977 4187 1016 4228 zu
1040 4173 1148 4228 latten.
1184 4175 1221 4223 Ut
