2700 4726
122 311 190 379 361
221 334 225 341 ·
384 303 456 372 DE
482 302 669 373 BELLO
700 301 950 376 Gnuuico

121 492 381 576 intellexissent,
395 491 519 580 gladiis
535 490 711 561 destrictis
725 499 844 582 portas
857 493 1211 582 occupaveruutsuos-
1227 516 1230 521 ·
1247 524 1250 529 ·

120 605 186 673 que
208 603 324 650 omnes
340 582 526 649 incolumes
541 589 752 670 receperunt.
797 586 851 651 13.
873 579 1002 650 caesar
1023 600 1064 645 ox
1079 577 1214 644 castris·

120 673 309 758 equitatum
340 668 439 737 educi
467 669 579 748 iubet,
614 669 779 758 proelium
816 677 975 756 equestre
1004 666 1207 734 committit:
1223 684 1248 749 ᾖ

119 760 356 827 laborantibus
377 758 444 824 iani
466 757 540 824 suis
557 755 744 825 Germanos
766 757 900 844 equites
920 754 1059 824 circiter
1072 750 1249 824 600ου-

187 877 339 938 destrictis]
359 876 392 929 lo
410 878 479 931 oui.
497 890 533 929 ox
551 878 635 929 Voss.
655 881 688 947 A„
709 872 786 929 heio.
804 879 839 932 Α.
857 877 934 941 ligni.
955 875 1054 940 quibus
1071 872 1208 926 accedunt

152 949 232 1010 (Par.
255 951 304 1008 A.)
326 948 397 999 lior.
415 950 449 999 A.
468 947 592 1009 recepit:
619 942 718 1010 reliqui
735 943 799 996 libri
817 944 914 1008 scripti
931 947 959 996 et
975 946 1035 996 edi.
1054 945 1118 996 unte
1135 942 1208 995 oui.
1248 954 1252 977 ¹

151 1017 430 1082 retentationem,
461 1019 531 1081 quoti
549 1018 696 1067 secuntum
714 1028 758 1080 aa,
776 1026 846 1078 quoe
863 1015 891 1065 iu
906 1016 969 1067 adn.
989 1026 1031 1066 or.
1051 1016 1087 1064 au
1105 1013 1140 1079 1,
1171 1009 1212 1063 26
1234 1032 1250 1053 ·:

151 1088 180 1151 p.
199 1091 216 1138 2
234 1096 262 1139 er
280 1091 314 1139 ue
331 1086 525 1151 orthographia
541 1084 658 1139 nominis
676 1085 800 1139 nantas
816 1084 853 1135 ιι(
869 1087 906 1152 6,
923 1084 939 1134 1
958 1083 986 1147 8.
1006 1086 1021 1137 t
1040 1083 1116 1135 (licta
1133 1082 1209 1147 suot,

150 1170 203 1210 uon
220 1154 349 1207 vitiosum
366 1157 483 1206 videtur·
1221 1189 1229 1207 t

185 1223 253 1288 cap.
273 1229 316 1278 to.
335 1225 363 1286 8.
381 1228 406 1279 t.
426 1217 572 1288 proelium]
589 1223 703 1290 „Bong-
720 1218 753 1273 Α.
771 1224 856 1275 Voss.
871 1223 905 1279 Δ.
924 1221 1002 1272 cerr.
1016 1221 1037 1275 7
1053 1215 1113 1272 al.“
1131 1218 1208 1270 Gott.
1244 1234 1252 1253 ·’

149 1295 229 1361 Egui-
249 1295 333 1359 llong.
349 1291 381 1345 (t.
400 1293 537 1345 ra1.eou.
554 1293 634 1342 forr.
652 1293 712 1341 coti.
725 1293 817 1354 {sapin
834 1305 891 1343 sec.
903 1294 1010 1343 flotont.
1028 1291 1092 1344 Par.
1108 1291 1142 1339 Α.
1156 1289 1208 1341 llr.
1234 1324 1237 1329 -

149 1365 185 1416 A.
201 1365 282 1416 Vrat.
300 1359 379 1415 nuc.
398 1362 480 1413 tiotlt.
499 1361 528 1408 B.
541 1362 636 1415 llomb.
650 1361 703 1413 tiu.
716 1362 797 1412 Vini.
813 1360 866 1415 ΒΟ.
883 1363 944 1412 edi.
961 1363 1026 1411 anta
1041 1361 1103 1411 nlo.
1117 1369 1209 1422 paroe-

148 1433 276 1498 linmque
298 1429 400 1494 reliqui
419 1434 448 1480 et
464 1430 526 1483 nli.
544 1443 602 1493 sqq.
622 1430 695 1494 quod
713 1443 776 1483 uum
792 1431 958 1482 Plisolrlrius
975 1429 1059 1480 etiam
1075 1428 1103 1478 in
1122 1428 1208 1492 Bong.

150 1505 185 1554 Α.
204 1505 307 1565 legisse
325 1500 483 1565 videretur,
500 1511 552 1558 etto
568 1499 596 1550 in
615 1501 679 1553 edu.
697 1512 738 1551 cr.
754 1502 792 1551 ad
810 1503 836 1564 1,
854 1501 890 1553 ((0
909 1499 935 1560 8.
954 1501 971 1548 1
989 1500 1135 1550 tenendum
1153 1510 1209 1560 pu·

149 1573 250 1623 tabem
290 1571 368 1621 Nunc
394 1568 495 1620 diserto
521 1568 704 1634 Oudendorpii
728 1569 884 1622 testimonio
910 1571 974 1632 plus
1002 1570 1128 1620 tribuens
1153 1578 1235 1632 qua·-

149 1641 240 1694 omlsi.
255 1640 352 1760 ⁴liant
373 1637 454 1756 liuiqs
481 1649 587 1702 qaoque
610 1639 722 1704 generis
744 1641 884 1703 esynoeta
908 1651 964 1691 nou
988 1638 1030 1692 ite
1051 1636 1209 1690 istasunt.

150 1711 193 1763 cf·
212 1722 238 1759 ⁰0
311 1744 319 1761 ο
336 1710 363 1757 2·
379 1709 398 1757 9
445 1739 452 1754 ι
850 1726 854 1732 ”
1222 1718 1225 1723 ¹

184 1709 309 1838 0000?
330 1741 414 1842 Boni.
438 1778 473 1827 A.
501 1776 544 1830 Pl.
570 1778 643 1828 flav.
668 1780 704 1830 A.
724 1777 799 1831 Gott.
817 1778 885 1832 er.
904 1777 954 1827 Dr.
975 1777 1033 1826 nn.
1051 1776 1133 1827 Vrat.
1154 1773 1209 1828 uc.

150 1878 229 1930 Goth.
246 1878 277 1931 o.
297 1875 381 1928 vinu,
398 1876 454 1927 ιιι.
472 1876 533 1926 ιιι.
550 1878 615 1927 anta
632 1876 695 1928 niu.
714 1876 740 1930 ι.
759 1878 839 1928 rurs.
857 1870 980 1928 ccccm
1003 1874 1085 1927 vinc.
1106 1875 1140 1929 r.
1156 1856 1210 1962 If„

148 1971 543 2097 Xssgd'bckpmmamae
557 1975 633 2040 ugn.
651 1974 734 2029 (ιιι.
752 1977 833 2031 Vrat.
845 1973 879 2028 Α.
896 1976 979 2029 Vini.
995 1974 1028 2026 D.
1041 1975 1139 2026 llaml.
1150 1977 1208 2031 Gli.

203 2081 211 2097 .
248 2075 257 2094 .
312 2059 352 2106 ps.
370 2057 431 2109 sqq.

111 2143 217 2209 pariter
237 2144 319 2208 atque
336 2142 478 2207 scriptoris
496 2143 525 2195 in
543 2143 639 2194 veritis
682 2142 730 2195 vei
754 2156 806 2195 sue
831 2151 928 2206 sponte
949 2142 1022 2194 luter
1038 2143 1165 2205 oppinum
1181 2147 1211 2195 et

111 2213 148 2281 4,
174 2211 256 2274 ars.
277 2214 292 2264 1
316 2213 490 2279 simulatque
514 2213 640 2264 scribens
682 2220 777 2266 castra
802 2213 1007 2277 substitissent,
1038 2224 1091 2262 nou
1119 2214 1210 2265 minus

34 2345 36 2351 Ι
110 2286 175 2335 cum
192 2286 252 2348 est,
274 2284 441 2348 conminus,
460 2284 640 2346 quumpooi-
682 2290 758 2333 recta
790 2282 965 2334 centuriones
989 2280 1131 2343 recepisse
1161 2294 1211 2334 eos

112 2364 200 2419 qnam
217 2361 246 2403 ot
262 2351 380 2415 similia,
405 2364 516 2413 quorum
532 2352 639 2414 signill-
683 2353 846 2403 dicerentur.
881 2351 976 2415 ltaque
987 2352 1135 2413 respondet
1148 2352 1210 2402 fero

111 2423 186 2475 ostio
202 2433 237 2472 ea
253 2423 314 2486 est,
334 2423 365 2471 ut
383 2422 435 2469 sub
451 2433 506 2472 uno
524 2428 641 2470 accentu
682 2429 778 2473 nostro
799 2419 979 2490 putfidpitittt,
1006 2433 1066 2470 curn
1085 2418 1212 2471 transiti-

111 2489 282 2555 pronuntiari
299 2490 352 2540 duo
369 2490 456 2539 verba
470 2490 596 2539 debeant
681 2504 746 2540 vuin
765 2497 826 2554 ost,
847 2490 982 2541 consimili
999 2489 1149 2552 praeditum
1168 2491 1211 2541 si-

164 2559 194 2610 iu
211 2572 288 2621 spem
307 2557 403 2609 auxilii
423 2557 572 2617 venerunt]
597 2556 639 2610 ct.
683 2559 858 2625 gnificatlono
875 2567 958 2623 atque
975 2556 1004 2609 iu
1019 2559 1152 2608 reflexivo
1165 2561 1209 2609 ui-

111 2630 174 2682 edu.
193 2630 227 2679 etl
250 2629 283 2690 ³,
308 2629 327 2677 6
352 2628 380 2690 8.
403 2629 430 2686 2.
465 2627 641 2692 significetur
683 2629 774 2681 ctione
790 2627 1019 2698 [impartitionem
1034 2633 1126 2691 aptum
1140 2627 1211 2689 idern

111 2697 228 2750 initium
248 2696 317 2759 spei.
683 2698 720 2748 ad
735 2699 826 2748 locum
844 2700 906 2749 linio
926 2698 1041 2748 similem
1055 2698 1115 2747 Gir.
1129 2700 1155 2761 1,
1173 2696 1210 2753 ts

159 2768 187 2829 8.
201 2769 218 2816 6
232 2764 639 2830 exsignlncationeeellorum]
682 2766 710 2829 8.
734 2770 769 2821 8:
796 2766 849 2818 (ιιι
869 2767 946 2819 wem
972 2767 1080 2818 tuetur
1105 2767 1209 2832 facere

113 2834 289 2899 cogitandum
315 2840 358 2885 est
387 2837 422 2885 ie
446 2835 639 2899 omniomnis,
682 2838 848 2905 repetatur,
866 2839 901 2889 ut
917 2837 1074 2887 summissis
1091 2836 1123 2887 itt
1136 2850 1211 2889 eun-

111 2917 182 2971 quae
194 2904 303 2955 recisse
320 2903 446 2955 dicantur
464 2904 550 2967 Galli,
568 2917 639 2969 quae
681 2908 746 2958 dem
769 2909 864 2959 locum
888 2906 1056 2958 cohortibus
1077 2907 1209 2971 defessos

111 2973 316 3024 centurionibus
334 2974 453 3025 animum
470 2986 563 3024 eorum
578 2989 638 3025 ιιιιι-
681 2978 837 3041 reciperet.
859 2978 886 3026 (ιι
903 2988 955 3039 quo
972 2989 1034 3027 cum
1052 2977 1140 3037 possit
1156 2989 1210 3028 su-

113 3050 198 3093 tatum
222 3042 422 3104 significabant.
464 3042 507 3094 ct.
532 3043 593 3094 (liv.
613 3048 639 3110 1,
681 3047 735 3097 niti
751 3047 790 3098 oti
806 3059 853 3111 se,
879 3044 1073 3107 poeticine,
1094 3043 1128 3094 58
1146 3050 1173 3110 s.
1191 3048 1208 3094 2

112 3113 149 3163 86
171 3112 200 3173 8.
224 3112 257 3162 1:
289 3111 320 3162 iti
336 3124 409 3164 uero
425 3111 560 3164 militibus
578 3114 639 3181 ruit
681 3111 840 3181 (Pompeius
858 3113 1156 3175 equitaturo-navitus
1170 3115 1210 3166 ari

110 3182 285 3249 peraratum
302 3182 331 3232 et
349 3181 522 3245 iucundum,
547 3186 582 3235 ut
599 3194 638 3235 ec
681 3198 712 3236 se
726 3186 810 3235 intra
825 3181 999 3235 munitiones
1013 3181 1141 3250 recepit)
1159 3186 1211 3235 atl-

110 3250 176 3316 ipsa
191 3248 401 3316 siqnificatione
416 3253 514 3315 potuit
532 3265 639 3319 capno·
680 3255 766 3304 ditum
783 3260 841 3319 est,
871 3251 937 3301 nihil
956 3252 1010 3302 nisi
1028 3253 1095 3304 inde
1113 3255 1212 3306 audire

111 3321 164 3371 sci.
180 3331 250 3384 queo
264 3320 354 3383 qualis
368 3320 460 3386 luent,
479 3322 562 3388 patilo
577 3330 638 3385 post
681 3325 812 3384 praestat.
855 3315 899 3375 Cf.
918 3321 1049 3388 le.10‚
1077 3320 1112 3373 42
1130 3324 1158 3385 8.
1176 3327 1209 3375 i:

111 3389 262 3440 indicatum
288 3397 331 3438 est
355 3388 449 3439 verbis
474 3393 505 3442 et
521 3404 592 3444 occe
609 3394 639 3444 et
681 3392 753 3443 inec
777 3391 873 3456 primo
896 3391 1037 3456 ipnorare
1060 3395 1209 3445 consulet

111 3458 240 3510 munibus
254 3485 269 3496 -
283 3457 448 3523 sipniploure
472 3460 640 3529 coeperant,
680 3463 811 3514 intentus
824 3460 989 3523 recipiendo
1005 3462 1153 3514 euerritui
1163 3476 1209 3514 es-

111 3531 147 3580 ui
165 3528 267 3579 statim
284 3529 518 3580 dimitterentur.
679 3544 719 3583 se.
746 3529 771 3589 8.
789 3535 822 3581 3:
850 3530 948 3581 uiuri
965 3544 1037 3598 quus
1055 3535 1225 3595 receperat-

163 3597 338 3658 receperunt]
365 3611 419 3649 non
437 3599 465 3647 (ιι
481 3607 575 3651 castre
591 3611 640 3649 re·
679 3600 776 3664 copias
789 3599 970 3668 sipnaquein
983 3602 1082 3657 urbem
1093 3601 1210 3666 inferri

111 3666 265 3730 tinxerunt,
295 3678 365 3728 quae
389 3680 484 3729 parum
506 3676 640 3720 accurate
677 3669 774 3721 iussit.
798 3698 833 3710 -
862 3671 981 3722 Prorsus
1013 3683 1031 3722 a
1060 3670 1209 3734 scriptoris

111 3744 156 3784 est
169 3735 358 3785 nonnullorum
371 3733 569 3803 interpretatio,
589 3739 638 3788 seu
678 3750 769 3791 mento
793 3738 935 3791 atierravlt
959 3740 1127 3790 Petrarclia:
1159 3741 1206 3791 in-

111 3804 280 3869 effecerunt,
310 3813 340 3852 ut
359 3816 390 3854 sa
408 3807 578 3870 reciperent,
596 3818 636 3856 sc.
678 3809 1208 3863 columemeueroituminiromittunt.

111 3889 146 3925 ex
164 3871 278 3940 oppido,
303 3871 381 3923 cuius
399 3874 453 3925 loci
473 3875 637 3941 significatio
680 3879 820 3944 Captoad
832 3880 909 3930 hunc
918 3881 1034 3932 morium
1041 3879 1207 3945 oppidoeto.

111 3944 184 3995 inest
208 3942 237 3993 in
256 3943 449 4003 superioribus.
484 3945 552 3995 llius
569 3957 637 3996 vero
731 3948 797 4012 cap.
823 3951 867 4001 to.
893 3948 921 4011 8.
946 3953 961 4000 1
988 3952 1022 4001 ab
1046 3949 1137 4011 initio]
1154 3963 1209 4003 non

53 4040 58 4053 ·
112 4010 178 4079 loci,
195 4011 221 4062 (ιι
240 4024 319 4075 quem
337 4025 368 4061 se
386 4015 555 4078 receperint,
571 4013 638 4065 nihil
681 4018 761 4069 huius
776 4020 857 4086 aunt,
874 4028 904 4070 ut
922 4017 1068 4083 Lipportus
1087 4021 1209 4090 putabat,

111 4085 156 4134 cst
182 4083 252 4146 quod
269 4083 401 4134 lectorem
418 4085 580 4148 admoneatp
610 4087 639 4135 et
681 4090 753 4153 quod
763 4089 789 4138 si
804 4087 920 4152 intelligi
933 4089 1052 4152 scriptor
1062 4090 1208 4155 voluisset,
1247 4086 1251 4091 ’

112 4151 238 4230 quantula
255 4164 287 4202 rc
306 4162 375 4205 vore
391 4166 423 4205 se
439 4153 468 4229 in
485 4156 580 4207 castre
591 4166 640 4206 re·
659 4166 663 4175 ·
681 4158 801 4211 adiicere
819 4158 974 4226 debuisset,
992 4160 1041 4210 sec
1060 4157 1120 4219 eiqs
1138 4169 1210 4215 tem·

113 4224 244 4290 ceperint,
262 4227 363 4289 tamon,
381 4220 407 4274 si
422 4222 639 4277 iassucaesarte
682 4227 768 4294 poris,
787 4241 839 4292 quo
857 4226 964 4282 caesar
981 4227 1087 4281 omuino
1104 4229 1210 4297 equites
